@article{eklof2013dimensionality,
  title={The dimensionality of ecological networks},
  author={Ekl{\"o}f, Anna and Jacob, Ute and Kopp, Jason and Bosch, Jordi and Castro-Urgal, Roc{\'\i}o and Chacoff, Natacha P and Dalsgaard, Bo and Sassi, Claudio and Galetti, Mauro and Guimar{\~a}es, Paulo R and others},
  journal={Ecology letters},
  year={2013},
  publisher={Wiley Online Library}
}

@article{rossberg2010food,
  title={Food-web structure in low-and high-dimensional trophic niche spaces},
  author={Rossberg, Axel G and Br{\"a}nnstr{\"o}m, {\AA}ke and Dieckmann, Ulf},
  journal={Journal of The Royal Society Interface},
  volume={7},
  number={53},
  pages={1735--1743},
  year={2010},
  publisher={The Royal Society}
}

@article{rossberg2010trophic,
  title={How trophic interaction strength depends on traits},
  author={Rossberg, AG and Br{\"a}nnstr{\"o}m, {\AA}ke and Dieckmann, Ulf},
  journal={Theoretical Ecology},
  volume={3},
  number={1},
  pages={13--24},
  year={2010},
  publisher={Springer}
}

@article{stouffer2007evidence,
  title={Evidence for the existence of a robust pattern of prey selection in food webs},
  author={Stouffer, Daniel B. and Camacho, Juan and Jiang, Wenxin and Nunes Amaral, Lu{\'\i}s A.},
  journal={Proceedings of the Royal Society B: Biological Sciences},
  volume={274},
  number={1621},
  pages={1931--1940},
  year={2007},
  publisher={The Royal Society}
}

@article{stouffer2005quantitative,
  title={Quantitative patterns in the structure of model and empirical food webs},
  author={Stouffer, Ddaniel B. and Camacho, Juan and Guimera, R. and Ng, C. A. and Nunes Amaral, Lu{\'\i}s A.},
  journal={Ecology},
  volume={86},
  number={5},
  pages={1301--1311},
  year={2005},
  publisher={Eco Soc America}
}

@book{plosoneecc,
publisher={PLOS ONE},
author={Bond-Lamberty, Ben {Editor}},
title={Ecological Impacts of Climate Change Collection},
year={2013}
}

@book{rossberg2013food,
  title={Food Webs and Biodiversity},
  author={Rossberg, Axel G.},
  year={2013},
  publisher={John Wiley \& Sons}
}

@article{rohe2011spectral,
  title={Spectral clustering and the high-dimensional stochastic blockmodel},
  author={Rohe, Karl and Chatterjee, Sourav and Yu, Bin},
  journal={The Annals of Statistics},
  volume={39},
  number={4},
  pages={1878--1915},
  year={2011},
  publisher={Institute of Mathematical Statistics}
}

@article{fishkind2013consistent,
  title={Consistent adjacency-spectral partitioning for the stochastic block model when the model parameters are unknown},
  author={Fishkind, Donniell E and Sussman, Daniel L and Tang, Minh and Vogelstein, Joshua T and Priebe, Carey E},
  journal={SIAM Journal on Matrix Analysis and Applications},
  volume={34},
  number={1},
  pages={23--39},
  year={2013},
  publisher={SIAM}
}

@article{sussman2012consistent,
  title={A consistent adjacency spectral embedding for stochastic blockmodel graphs},
  author={Sussman, Daniel L and Tang, Minh and Fishkind, Donniell E and Priebe, Carey E},
  journal={Journal of the American Statistical Association},
  volume={107},
  number={499},
  pages={1119--1128},
  year={2012},
  publisher={Taylor \& Francis Group}
}

@article{sole2001complexity,
  title={Complexity and fragility in ecological networks},
  author={Sole, Ricard V and Montoya, M{\textordfeminine}},
  journal={Proceedings of the Royal Society of London. Series B: Biological Sciences},
  volume={268},
  number={1480},
  pages={2039--2045},
  year={2001},
  publisher={The Royal Society}
}

@article{saterberg2013high,
  title={High frequency of functional extinctions in ecological networks},
  author={S{\"a}terberg, Torbj{\"o}rn and Sellman, Stefan and Ebenman, Bo},
  journal={Nature},
  year={2013},
  publisher={Nature Publishing Group}
}

@article{bellard2012impacts,
  title={Impacts of climate change on the future of biodiversity},
  author={Bellard, C{\'e}line and Bertelsmeier, Cleo and Leadley, Paul and Thuiller, Wilfried and Courchamp, Franck},
  journal={Ecology letters},
  volume={15},
  number={4},
  pages={365--377},
  year={2012},
  publisher={Wiley Online Library}
}

@article{cardinale2012biodiversity,
  title={Biodiversity loss and its impact on humanity},
  author={Cardinale, Bradley J and Duffy, J Emmett and Gonzalez, Andrew and Hooper, David U and Perrings, Charles and Venail, Patrick and Narwani, Anita and Mace, Georgina M and Tilman, David and Wardle, David A and others},
  journal={Nature},
  volume={486},
  number={7401},
  pages={59--67},
  year={2012},
  publisher={Nature Publishing Group}
}

@article{harary1959status,
  title={Status and contrastatus},
  author={Harary, Frank},
  journal={Sociometry},
  volume={22},
  number={1},
  pages={23--43},
  year={1959},
  publisher={JSTOR}
}

@article{allesina2009food,
  title={Food web models: a plea for groups},
  author={Allesina, Stefano and Pascual, Mercedes},
  journal={Ecology letters},
  volume={12},
  number={7},
  pages={652--662},
  year={2009},
  publisher={Wiley Online Library}
}

@article{rezende2009compartments,
  title={Compartments in a marine food web associated with phylogeny, body mass, and habitat structure},
  author={Rezende, Enrico L and Albert, Eva M and Fortuna, Miguel A and Bascompte, Jordi},
  journal={Ecology Letters},
  volume={12},
  number={8},
  pages={779--788},
  year={2009},
  publisher={Wiley Online Library}
}

@article{opitz1996trophic,
  title={Trophic interactions in Caribbean coral reefs},
  author={Opitz, S},
  journal={The WorldFish Center Working Papers},
  year={1996}
}

@article{de2011serengeti,
  title={The serengeti food web: empirical quantification and analysis of topological changes under increasing human impact},
  author={de Visser, Sara N and Freymann, Bernd P and Olff, Han},
  journal={Journal of Animal Ecology},
  volume={80},
  number={2},
  pages={484--494},
  year={2011},
  publisher={Wiley Online Library}
}

@article{bascompte2005interaction,
  title={Interaction strength combinations and the overfishing of a marine food web},
  author={Bascompte, Jordi and Meli{\'a}n, Carlos J and Sala, Enric},
  journal={Proceedings of the National Academy of Sciences of the United States of America},
  volume={102},
  number={15},
  pages={5443--5447},
  year={2005},
  publisher={National Acad Sciences}
}

@article{baskerville2011spatial,
  title={Spatial guilds in the Serengeti food web revealed by a Bayesian group model},
  author={Baskerville, Edward B and Dobson, Andy P and Bedford, Trevor and Allesina, Stefano and Anderson, T Michael and Pascual, Mercedes},
  journal={PLoS computational biology},
  volume={7},
  number={12},
  pages={e1002321},
  year={2011},
  publisher={Public Library of Science}
}

@article{wilcox1984situ,
  title={In situ conservation of genetic resources: determinants of minimum area requirements},
  author={Wilcox, Bruce A},
  year={1984},
  publisher={Smithsonian Institution Press}
}

@book{hawksworth1995biodiversity,
  title={Biodiversity: measurement and estimation},
  author={Hawksworth, David L.},
  volume={345},
  year={1995},
  publisher={Springer}
}

@article{pimm1984complexity,
  title={The complexity and stability of ecosystems},
  author={Pimm, Stuart L},
  journal={Nature},
  volume={307},
  number={5949},
  pages={321--326},
  year={1984}
}

@article{paine1966food,
  title={Food web complexity and species diversity},
  author={Paine, Robert T},
  journal={American Naturalist},
  pages={65--75},
  year={1966},
  publisher={JSTOR}
}

@techreport{team2012r,
  title={R: A Language and Environment for Statistical Computing. R Foundation for Statistical Computing, Vienna, Austria, 2007},
  author={Team, RDevelopmentCore},
  year={2012},
  institution={ISBN 3-900051-07-0}
}

@article{csardiigraph,
title={The igraph software package for complex network research},
author = {Csardi, Gabor and Nepusz, Tamas},
journal = {InterJournal, Complex Systems},
pages = {1695},
year = {2006}
}

@article{holland1983stochastic,
  title={Stochastic blockmodels: First steps},
  author={Holland, Paul W and Laskey, Kathryn Blackmond and Leinhardt, Samuel},
  journal={Social networks},
  volume={5},
  number={2},
  pages={109--137},
  year={1983},
  publisher={Elsevier}
}

@article{wang1987stochastic,
  title={Stochastic blockmodels for directed graphs},
  author={Wang, Yuchung J and Wong, George Y},
  journal={Journal of the American Statistical Association},
  volume={82},
  number={397},
  pages={8--19},
  year={1987},
  publisher={Taylor \& Francis}
}

@book{MayStability1973,
    author = {May, Robert M.},
    publisher = {Princeton University Press},
    title = {{Stability and Complexity in Model Ecosystems}},
    year = {1973}
}

@article{bonacich1987power,
  title={Power and centrality: A family of measures},
  author={Bonacich, Phillip},
  journal={American journal of sociology},
  pages={1170--1182},
  year={1987},
  publisher={JSTOR}
}

@article{brin1998anatomy,
  title={The anatomy of a large-scale hypertextual Web search engine},
  author={Brin, Sergey and Page, Lawrence},
  journal={Computer networks and ISDN systems},
  volume={30},
  number={1},
  pages={107--117},
  year={1998},
  publisher={Elsevier}
}

@article{martin2010centrality,
  title={Centrality measures and the importance of generalist species in pollination networks},
  author={Mart{\'\i}n Gonz{\'a}lez, Ana M and Dalsgaard, Bo and Olesen, Jens M},
  journal={Ecological Complexity},
  volume={7},
  number={1},
  pages={36--43},
  year={2010},
  publisher={Elsevier}
}

@article{freeman1979centrality,
  title={Centrality in social networks conceptual clarification},
  author={Freeman, Linton C},
  journal={Social networks},
  volume={1},
  number={3},
  pages={215--239},
  year={1979},
  publisher={Elsevier}
}

@article{freeman1977set,
  title={A set of measures of centrality based on betweenness},
  author={Freeman, Linton C},
  journal={Sociometry},
  pages={35--41},
  year={1977},
  publisher={JSTOR}
}

@article{estrada2007characterization,
  title={Characterization of topological keystone species: local, global and “meso-scale” centralities in food webs},
  author={Estrada, Ernesto},
  journal={Ecological Complexity},
  volume={4},
  number={1},
  pages={48--57},
  year={2007},
  publisher={Elsevier}
}

@article{lewandrowski1999estimating,
  title={Estimating costs of protecting global ecosystem diversity},
  author={Lewandrowski, J and Darwin, RF and Tsigas, M and Raneses, A},
  journal={Ecological economics},
  volume={29},
  number={1},
  pages={111--125},
  year={1999},
  publisher={Elsevier}
}

@article{cote2010rethinking,
  title={Rethinking ecosystem resilience in the face of climate change},
  author={C{\^o}t{\'e}, Isabelle M and Darling, Emily S},
  journal={PLoS biology},
  volume={8},
  number={7},
  pages={e1000438},
  year={2010},
  publisher={Public Library of Science}
}

@article{stouffer2011compartmentalization,
  title={Compartmentalization increases food-web persistence},
  author={Stouffer, Daniel B and Bascompte, Jordi},
  journal={Proceedings of the National Academy of Sciences},
  volume={108},
  number={9},
  pages={3648--3652},
  year={2011},
  publisher={National Acad Sciences}
}

@article{post1983community,
  title={Community assembly and food web stability},
  author={Post, W. M. and Pimm, S. L.},
  journal={Mathematical Biosciences},
  volume={64},
  number={2},
  pages={169--192},
  year={1983},
  publisher={Elsevier}
}

@article{otto2007allometric,
  title={Allometric degree distributions facilitate food-web stability},
  author={Otto, Sonja B. and Rall, Bj{\"o}rn C. and Brose, Ulrich},
  journal={Nature},
  volume={450},
  number={7173},
  pages={1226--1229},
  year={2007},
  publisher={Nature Publishing Group}
}