% This file was created with JabRef 2.10.
% Encoding: UTF-8


@Article{abascal2015functional,
  Title                    = {Functional and Structural Food Web Comparison of Terminos Lagoon, Mexico in Three Periods (1980, 1998, and 2011)},
  Author                   = {Abascal-Monroy, Isaura Michelle and Zetina-Rej{\'o}n, Manuel J and Escobar-Toledo, Fabi{\'a}n and L{\'o}pez-Ibarra, Gladis A and Sosa-L{\'o}pez, Atahualpa and Tripp-Valdez, Arturo},
  Journal                  = {Estuaries and Coasts},
  Year                     = {2015},
  Pages                    = {{ }doi: 10.1007/s12237-015-0054-0},
  Volume                   = {in press},

  Publisher                = {Springer}
}

@Article{Abbe2015Recovering,
  Title                    = {Recovering communities in the general stochastic block model without knowing the parameters},
  Author                   = {Abbe, Emmanuel and Sandon, Colin},
  Journal                  = {ArXiv},
  Year                     = {2015},
  Pages                    = {1506.03729},
  Volume                   = {preprint}
}

@Article{abrams2000evolution,
  Title                    = {The Evolution of Predator-Prey Interactions: Theory and Evidence},
  Author                   = {Peter A. Abrams},
  Journal                  = {Annual Review of Ecology and Systematics},
  Year                     = {2000},
  Pages                    = {79-105},
  Volume                   = {31},

  ISSN                     = {00664162},
  Publisher                = {Annual Reviews},
  Url                      = {http://www.jstor.org/stable/221726}
}

@Article{ackerly2009conservatism,
  Title                    = {Conservatism and diversification of plant functional traits: evolutionary rates versus phylogenetic signal},
  Author                   = {Ackerly, David},
  Journal                  = {Proceedings of the National Academy of Sciences},
  Year                     = {2009},
  Number                   = {Supplement 2},
  Pages                    = {19699--19706},
  Volume                   = {106},

  Publisher                = {National Academy of Sciences}
}

@Article{adams2014generalized,
  Title                    = {A Generalized K Statistic for Estimating Phylogenetic Signal from Shape and other High-dimentional Multivariate Data},
  Author                   = {Adams, Dean C},
  Journal                  = {Systematic Biology},
  Year                     = {2014},
  Number                   = {5},
  Pages                    = {685--697},
  Volume                   = {63},

  Publisher                = {Oxford University Press}
}

@Article{agrawal2012insect,
  Title                    = {Insect herbivores drive real-time ecological and evolutionary change in plant populations},
  Author                   = {Agrawal, Anurag A and Hastings, Amy P and Johnson, Marc TJ and Maron, John L and Salminen, Juha-Pekka},
  Journal                  = {Science},
  Year                     = {2012},
  Number                   = {6103},
  Pages                    = {113--116},
  Volume                   = {338},

  Publisher                = {American Association for the Advancement of Science}
}

@Article{alarcon_spreading_2009,
  Title                    = {Spreading on a complex network avoiding certain motifs},
  Author                   = {Alarcon, Tomas and Jensen, Henrik Jeldtoft},
  Journal                  = {arXiv},
  Year                     = {2009},
  Pages                    = {0903.1199},
  Volume                   = {preprint}
}

@Article{alatalo1986interspecific,
  Title                    = {Interspecific competition and niche changes in tits (Parus spp.): evaluation of nonexperimental data},
  Author                   = {Alatalo, Rauno V and Gustafsson, Lars and Lundberg, Arne},
  Journal                  = {The American Naturalist},
  Year                     = {1986},
  Number                   = {6},
  Pages                    = {819--834},
  Volume                   = {127},

  Publisher                = {The American Society of Naturalists}
}

@Article{allesina2011predicting,
  Title                    = {Predicting trophic relations in ecological networks: a test of the Allometric Diet Breadth Model},
  Author                   = {Allesina, Stefano},
  Journal                  = {Journal of Theoretical Biology},
  Year                     = {2011},
  Number                   = {1},
  Pages                    = {161--168},
  Volume                   = {279},

  Publisher                = {Elsevier}
}

@Article{allesina2008general,
  Title                    = {A general model for food web structure},
  Author                   = {Allesina, Stefano and Alonso, David and Pascual, Mercedes},
  Journal                  = {Science},
  Year                     = {2008},
  Number                   = {5876},
  Pages                    = {658--661},
  Volume                   = {320},

  Publisher                = {American Association for the Advancement of Science}
}

@Article{allesina2015predicting,
  Title                    = {Predicting the stability of large structured food webs},
  Author                   = {Allesina, Stefano and Grilli, Jacopo and Barab{\'a}s, Gy{\"o}rgy and Tang, Si and Aljadeff, Johnatan and Maritan, Amos},
  Journal                  = {Nature communications},
  Year                     = {2015},
  Pages                    = {7842},
  Volume                   = {6},

  Publisher                = {Nature Publishing Group}
}

@Article{allesina2009food,
  Title                    = {Food web models: a plea for groups},
  Author                   = {Allesina, Stefano and Pascual, Mercedes},
  Journal                  = {Ecology letters},
  Year                     = {2009},
  Number                   = {7},
  Pages                    = {652--662},
  Volume                   = {12},

  Publisher                = {John Wiley \& Sons Ltd/ CNRS}
}

@Article{allesina_network_2008,
  Title                    = {Network structure, predator–prey modules, and stability in large food webs},
  Author                   = {Allesina, Stefano and Pascual, Mercedes},
  Journal                  = {Theoretical Ecology},
  Year                     = {2008},

  Month                    = mar,
  Number                   = {1},
  Pages                    = {55--64},
  Volume                   = {1},

  ISSN                     = {1874-1738, 1874-1746},
  Language                 = {en},
  Publisher                = {Springer},
  Urldate                  = {2013-01-22}
}

@Article{allesina2015stability,
  Title                    = {The stability--complexity relationship at age 40: a random matrix perspective},
  Author                   = {Allesina, Stefano and Tang, Si},
  Journal                  = {Population Ecology},
  Year                     = {2015},
  Number                   = {1},
  Pages                    = {63--75},
  Volume                   = {57},

  Publisher                = {Springer}
}

@Article{allhoff2015evolutionary,
  Title                    = {Evolutionary food web model based on body masses gives realistic networks with permanent species turnover},
  Author                   = {Allhoff, Korinna T and Ritterskamp, Daniel and Rall, Bj{\"o}rn C and Drossel, Barbara and Guill, Christian},
  Journal                  = {Nature Scientific Reports},
  Year                     = {2015},
  Pages                    = {10955},
  Volume                   = {5},

  Publisher                = {Nature Publishing Group}
}

@Article{andrews1976singular,
  Title                    = {Singular value decomposition (SVD) image coding},
  Author                   = {Andrews, Harry C and Patterson III, C},
  Journal                  = {Communications, IEEE Transactions on},
  Year                     = {1976},
  Number                   = {4},
  Pages                    = {425--432},
  Volume                   = {24},

  Publisher                = {IEEE}
}

@Article{arditi_coupling_1989,
  Title                    = {Coupling in predator-prey dynamics: Ratio-Dependence},
  Author                   = {Arditi, Roger and Ginzburg, Lev R.},
  Journal                  = {Journal of Theoretical Biology},
  Year                     = {1989},

  Month                    = aug,
  Number                   = {3},
  Pages                    = {311--326},
  Volume                   = {139},

  ISSN                     = {0022-5193},
  Publisher                = {Elsevier},
  Shorttitle               = {Coupling in predator-prey dynamics},
  Urldate                  = {2013-01-22}
}

@Article{arditti2012good,
  Title                    = {‘Good Heavens what insect can suck it’--{C}harles {D}arwin, \textit{Angraecum sesquipedale} and \textit{Xanthopan morganii praedicta}},
  Author                   = {Arditti, Joseph and Elliott, John and Kitching, Ian J and Wasserthal, Lutz T},
  Journal                  = {Botanical Journal of the Linnean Society},
  Year                     = {2012},
  Number                   = {3},
  Pages                    = {403--432},
  Volume                   = {169},

  Publisher                = {The Linnean Society of London}
}

@Article{barany2007,
  Title                    = {Central limit theorems for Gaussian polytopes},
  Author                   = {B\'{a}r\'{a}ny, Imre and Vu, Van},
  Journal                  = {The Annals of Probability},
  Year                     = {2007},

  Month                    = {07},
  Number                   = {4},
  Pages                    = {1593--1621},
  Volume                   = {35},

  Doi                      = {10.1214/009117906000000791},
  Publisher                = {The Institute of Mathematical Statistics},
  Url                      = {http://dx.doi.org/10.1214/009117906000000791}
}

@Article{bohning1999phylogenetic,
  Title                    = {Phylogenetic effects on morphological, life-history, behavioural and ecological traits of birds},
  Author                   = {B\"{o}hning-Gaese, Katrin and Oberrath, Reik},
  Journal                  = {Evolutionary Ecology Research},
  Year                     = {1999},
  Number                   = {3},
  Pages                    = {347--364},
  Volume                   = {1},

  Publisher                = {Evolutionary Ecology, Ltd.}
}

@Article{banavsek2009complexity,
  Title                    = {Complexity in quantitative food webs},
  Author                   = {Bana{\v{s}}ek-Richter, Carolin and Bersier, Louis-F\'{e}lix and Cattin, Marie-France and Baltensperger, Richard and Gabriel, Jean-Pierre and Merz, Yves and Ulanowicz, Robert E and Tavares, Annette F and Williams, D Dudley and Ruiter, Peter C. de and Winemiller, Kirk O. and Naisbit, Russell E.},
  Journal                  = {Ecology},
  Year                     = {2009},
  Number                   = {6},
  Pages                    = {1470--1477},
  Volume                   = {90},

  Publisher                = {Ecological Society of America}
}

@Article{barber1996quickhull,
  Title                    = {The quickhull algorithm for convex hulls},
  Author                   = {Barber, C Bradford and Dobkin, David P and Huhdanpaa, Hannu},
  Journal                  = {ACM Transactions on Mathematical Software},
  Year                     = {1996},
  Number                   = {4},
  Pages                    = {469--483},
  Volume                   = {22},

  Publisher                = {ACM}
}

@Article{barnes2008predator,
  Title                    = {Predator and prey body sizes in marine food webs: Ecological Archives E089-051},
  Author                   = {Barnes, Carolyn and Bethea, DM and Brodeur, RD and Spitz, J and Ridoux, V and Pusineri, C and Chase, BC and Hunsicker, ME and Juanes, F and Kellermann, A and others},
  Journal                  = {Ecology},
  Year                     = {2008},
  Number                   = {3},
  Pages                    = {881--881},
  Volume                   = {89},

  Publisher                = {Ecological Society of America}
}

@Article{barrat2004architecture,
  Title                    = {The architecture of complex weighted networks},
  Author                   = {Barrat, Alain and Barthelemy, Marc and Pastor-Satorras, Romualdo and Vespignani, Alessandro},
  Journal                  = {Proceedings of the National Academy of Sciences of the United States of America},
  Year                     = {2004},
  Number                   = {11},
  Pages                    = {3747--3752},
  Volume                   = {101},

  Publisher                = {National Academy of Sciences}
}

@PhdThesis{bartoszek2013stochastic,
  Title                    = {Stochastic models in phylogenetic comparative methods: analytical properties and parameter estimation},
  Author                   = {Bartoszek, Krzysztof},
  School                   = {G\"{o}teborgs universitet. Naturvetenskapliga fakulteten},
  Year                     = {2013}
}

@Article{bascompte2005interaction,
  Title                    = {Interaction strength combinations and the overfishing of a marine food web},
  Author                   = {Bascompte, Jordi and Meli{\'a}n, Carlos J and Sala, Enric},
  Journal                  = {Proceedings of the National Academy of Sciences of the United States of America},
  Year                     = {2005},
  Number                   = {15},
  Pages                    = {5443--5447},
  Volume                   = {102},

  Publisher                = {National Academy of Sciences}
}

@Article{bascompte2009disentangling,
  Title                    = {Disentangling the web of life},
  Author                   = {Bascompte, Jordi and others},
  Journal                  = {Science},
  Year                     = {2009},
  Number                   = {5939},
  Pages                    = {416},
  Volume                   = {325},

  Publisher                = {American Association for the Advancement of Science}
}

@Article{bascompte_assembly_2009,
  Title                    = {The assembly and disassembly of ecological networks},
  Author                   = {Bascompte, Jordi and Stouffer, Daniel B.},
  Journal                  = {Philosophical Transactions of the Royal Society B: Biological Sciences},
  Year                     = {2009},

  Month                    = jun,
  Number                   = {1524},
  Pages                    = {1781--1787},
  Volume                   = {364},

  ISSN                     = {0962-8436},
  Publisher                = {The Royal Society},
  Urldate                  = {2013-01-22}
}

@PhdThesis{baskerville2013groups,
  Title                    = {Groups and Niches in Food-Web Structure: Bayesian Methods and Consequences for Robustness},
  Author                   = {Baskerville, Edward Barnet},
  School                   = {University of Michigan},
  Year                     = {2013}
}

@Article{baskerville2011spatial,
  Title                    = {Spatial guilds in the Serengeti food web revealed by a Bayesian group model},
  Author                   = {Baskerville, Edward B and Dobson, Andy P and Bedford, Trevor and Allesina, Stefano and Anderson, T Michael and Pascual, Mercedes},
  Journal                  = {PLoS computational biology},
  Year                     = {2011},
  Number                   = {12},
  Pages                    = {e1002321},
  Volume                   = {7},

  Publisher                = {Public Library of Science}
}

@Article{lmer,
  Title                    = {Fitting Linear Mixed-Effects Models Using {lme4}},
  Author                   = {Bates, Douglas and M\"{a}chler, Martin and Bolker, Ben and Walker, Steve},
  Journal                  = {Journal of Statistical Software},
  Year                     = {2015},
  Number                   = {1},
  Pages                    = {1--48},
  Volume                   = {67},

  Doi                      = {10.18637/jss.v067.i01},
  Publisher                = {Foundation for Open Access Statistics}
}

@Article{bavelas1950communication,
  Title                    = {Communication patterns in task-oriented groups.},
  Author                   = {Bavelas, Alex},
  Journal                  = {Journal of the Acoustical Society of America},
  Year                     = {1950},

  Month                    = {August},
  Number                   = {6},
  Pages                    = {725-730},
  Volume                   = {22},

  Publisher                = {Acoustical Society of American}
}

@Article{bawa1990plant,
  Title                    = {Plant-pollinator interactions in tropical rain forests},
  Author                   = {Bawa, Kamaljit S},
  Journal                  = {Annual Review of Ecology and Systematics},
  Year                     = {1990},
  Pages                    = {399--422},
  Volume                   = {21},

  Publisher                = {Annual Rewies}
}

@Article{beaulieu2012modeling,
  Title                    = {Modeling stabilizing selection: expanding the Ornstein--Uhlenbeck model of adaptive evolution},
  Author                   = {Beaulieu, Jeremy M and Jhwueng, Dwueng-Chwuan and Boettiger, Carl and O’Meara, Brian C},
  Journal                  = {Evolution},
  Year                     = {2012},
  Number                   = {8},
  Pages                    = {2369--2383},
  Volume                   = {66},

  Publisher                = {Society for the Study of Evolution}
}

@Article{bellard2012impacts,
  Title                    = {Impacts of climate change on the future of biodiversity},
  Author                   = {Bellard, C{\'e}line and Bertelsmeier, Cleo and Leadley,
 Paul and Thuiller, Wilfried and Courchamp, Franck},
  Journal                  = {Ecology letters},
  Year                     = {2012},
  Number                   = {4},
  Pages                    = {365--377},
  Volume                   = {15},

  Publisher                = {John Wiley \& Sons Ltd/ CNRS}
}

@Article{bellingeri2015food,
  Title                    = {Food web's backbones and energy delivery in ecosystems},
  Author                   = {Bellingeri, Michele and Bodini, Antonio},
  Journal                  = {Oikos},
  Year                     = {2015},
  Pages                    = {{ }doi: 10.1111/oik.02244},
  Volume                   = {in press},

  Publisher                = {The Nordic Society Oikos}
}

@Article{benton2009red,
  Title                    = {The Red Queen and the Court Jester: species diversity and the role of biotic and abiotic factors through time},
  Author                   = {Benton, Michael J},
  Journal                  = {Science},
  Year                     = {2009},
  Number                   = {5915},
  Pages                    = {728--732},
  Volume                   = {323},

  Publisher                = {American Association for the Advancement of Science}
}

@Article{benzi2013total,
  Title                    = {Total communicability as a centrality measure},
  Author                   = {Benzi, Michele and Klymko, Christine},
  Journal                  = {Journal of Complex Networks},
  Year                     = {2013},
  Number                   = {2},
  Pages                    = {124--149},
  Volume                   = {1},

  Publisher                = {Oxford University Press}
}

@Article{berenos2009evolution,
  Title                    = {Evolution of host resistance and trade-offs between virulence and transmission potential in an obligately killing parasite},
  Author                   = {Berenos, C and Schmid--Hempel, P and Mathias Wegner, K},
  Journal                  = {Journal of Evolutionary Biology},
  Year                     = {2009},
  Number                   = {10},
  Pages                    = {2049--2056},
  Volume                   = {22},

  Publisher                = {European Society for Evolutionary Biology}
}

@PhdThesis{berg2013community,
  Title                    = {Community Robustness Analysis: Theoretical Approaches to
 Identifying Keystone Structures in Ecological Communities},
  Author                   = {Berg, Sofia},
  School                   = {Link{\"o}ping},
  Year                     = {2013}
}

@Article{berg2011using,
  Title                    = {Using sensitivity analysis to identify keystone species and keystone links in size-based food webs},
  Author                   = {Berg, Sofia and Christianou, Maria and Jonsson, Tomas and Ebenman, Bo},
  Journal                  = {Oikos},
  Year                     = {2011},
  Number                   = {4},
  Pages                    = {510--519},
  Volume                   = {120},

  Publisher                = {The Nordic Society Oikos}
}

@Article{bersier2008signature,
  Title                    = {The signature of phylogenetic constraints on food-web
 structure},
  Author                   = {Bersier, Louis-F{\'e}lix and Kehrli, Patrik},
  Journal                  = {Ecological Complexity},
  Year                     = {2008},
  Number                   = {2},
  Pages                    = {132--139},
  Volume                   = {5},

  Publisher                = {Elsevier}
}

@Article{bezanson2014julia,
  Title                    = {Julia: A fresh approach to numerical computation},
  Author                   = {Bezanson, Jeff and Edelman, Alan and Karpinski, Stefan and
 Shah, Viral B},
  Journal                  = {arXiv},
  Year                     = {2014},
  Pages                    = {1411.1607},
  Volume                   = {preprint}
}

@Book{billingsley2008probability,
  Title                    = {Probability and measure},
  Author                   = {Billingsley, Patrick},
  Publisher                = {John Wiley \& Sons},
  Year                     = {2008}
}

@Article{billionnet01012013,
  Title                    = {Solution of the Generalized Noah's Ark Problem},
  Author                   = {Billionnet, Alain},
  Journal                  = {Systematic Biology},
  Year                     = {2013},
  Number                   = {1},
  Pages                    = {147-156},
  Volume                   = {62}
}

@Article{black2012stochastic,
  Title                    = {Stochastic formulation of ecological models and their applications},
  Author                   = {Black, Andrew J and McKane, Alan J},
  Journal                  = {Trends in Ecology \& Evolution},
  Year                     = {2012},
  Number                   = {6},
  Pages                    = {337--345},
  Volume                   = {27},

  Publisher                = {Elsevier}
}

@Article{blanckenhorn2000evolution,
  Title                    = {The evolution of body size: what keeps organisms small?},
  Author                   = {Blanckenhorn, Wolf U},
  Journal                  = {Quarterly Review of Biology},
  Year                     = {2000},
  Number                   = {4},
  Pages                    = {385--407},
  Volume                   = {75},

  Publisher                = {The University of Chicago Press}
}

@Article{blomberg2003testing,
  Title                    = {Testing for phylogenetic signal in comparative data: behavioral traits are more labile},
  Author                   = {Blomberg, Simon P and Garland, Theodore and Ives, Anthony R},
  Journal                  = {Evolution},
  Year                     = {2003},
  Number                   = {4},
  Pages                    = {717--745},
  Volume                   = {57},

  Publisher                = {Society for the Study of Evolution}
}

@Article{boit2012mechanistic,
  Title                    = {Mechanistic theory and modelling of complex food-web
 dynamics in Lake Constance},
  Author                   = {Boit, Alice and Martinez, Neo D and Williams, Richard J
 and Gaedke, Ursula},
  Journal                  = {Ecology letters},
  Year                     = {2012},
  Number                   = {6},
  Pages                    = {594--602},
  Volume                   = {15},

  Publisher                = {John Wiley \& Sons Ltd/ CNRS}
}

@Article{boley2011commute,
  Title                    = {Commute times for a directed graph using an asymmetric
 Laplacian},
  Author                   = {Boley, Daniel and Ranjan, Gyan and Zhang, Zhi-Li},
  Journal                  = {Linear Algebra and its Applications},
  Year                     = {2011},
  Number                   = {2},
  Pages                    = {224--242},
  Volume                   = {435},

  Publisher                = {Elsevier}
}

@Article{bonacich1987power,
  Title                    = {Power and centrality: A family of measures},
  Author                   = {Bonacich, Phillip},
  Journal                  = {American journal of sociology},
  Year                     = {1987},
  Number                   = {5},
  Pages                    = {1170--1182},
  Volume                   = {92},

  Publisher                = {The University of Chicago Press}
}

@Article{bonacich2001eigenvector,
  Title                    = {Eigenvector-like measures of centrality for asymmetric relations},
  Author                   = {Bonacich, Phillip and Lloyd, Paulette},
  Journal                  = {Social Networks},
  Year                     = {2001},
  Number                   = {3},
  Pages                    = {191--201},
  Volume                   = {23},

  Publisher                = {Elsevier}
}

@Book{plosoneecc,
  Title                    = {Ecological Impacts of Climate Change Collection},
  Author                   = {Bond-Lamberty, Ben {Editor}},
  Publisher                = {Public Library of Science},
  Year                     = {2013},

  Journal                  = {PLoS one}
}

@Article{bordewich_budgeted_2012,
  Title                    = {Budgeted Nature Reserve Selection with diversity feature loss and arbitrary split systems},
  Author                   = {Bordewich, Magnus and Semple, Charles},
  Journal                  = {Journal of Mathematical Biology},
  Year                     = {2012},

  Month                    = {January},
  Number                   = {1-2},
  Pages                    = {69--85},
  Volume                   = {64},

  Publisher                = {Springer Verlag},
  Urldate                  = {2013-01-22}
}

@Article{bordewich2008nature,
  Title                    = {Nature reserve selection problem: a tight approximation algorithm},
  Author                   = {Bordewich, Magnus and Semple, Charles},
  Journal                  = {Computational Biology and Bioinformatics, IEEE/ACM Transactions on},
  Year                     = {2008},
  Number                   = {2},
  Pages                    = {275--280},
  Volume                   = {5},

  Publisher                = {IEEE}
}

@Book{Borg1997Modern,
  Title                    = {Modern Multidimensional Scaling: Theory and Applications},
  Author                   = {Borg, Ingwer and Groenen, Patrick J. F.},
  Publisher                = {Springer-Verlag},
  Year                     = {1997},

  Address                  = {New York},
  Volume                   = {2},
  Series                   = {Statistics in Social Science and Public Policy}
}

@Article{borgatti2005centrality,
  Title                    = {Centrality and network flow},
  Author                   = {Borgatti, Stephen P},
  Journal                  = {Social networks},
  Year                     = {2005},
  Number                   = {1},
  Pages                    = {55--71},
  Volume                   = {27},

  Publisher                = {Elsevier}
}

@Book{bosq2013course,
  Title                    = {A course in stochastic processes: stochastic models and statistical inference},
  Author                   = {Bosq, Denis and Nguyen, Hung T},
  Publisher                = {Springer Science \& Business Media},
  Year                     = {2013},
  Volume                   = {34}
}

@Article{brannstrom2012modelling,
  Title                    = {Modelling the ecology and evolution of communities: a review of past achievements, current efforts, and future promises},
  Author                   = {Br{\"a}nnstr{\"o}m, {\AA}ke and Johansson, Jacob and Loeuille, Nicolas and Kristensen, Nadiah and Troost, Tineke A and Lambers, Reinier Hille Ris and Dieckmann, Ulf},
  Journal                  = {Evolutionary Ecology Research},
  Year                     = {2012},
  Number                   = {5},
  Pages                    = {601--625},
  Volume                   = {14},

  Publisher                = {Evolutionary Ecology, Ltd.}
}

@Article{brandes2001faster,
  Title                    = {A faster algorithm for betweenness centrality*},
  Author                   = {Brandes, Ulrik},
  Journal                  = {Journal of Mathematical Sociology},
  Year                     = {2001},
  Number                   = {2},
  Pages                    = {163--177},
  Volume                   = {25},

  Publisher                = {Routledge}
}

@Book{brandes2005centrality,
  Title                    = {Centrality measures based on current flow},
  Author                   = {Brandes, Ulrik and Fleischer, Daniel},
  Publisher                = {Springer},
  Year                     = {2005}
}

@Article{brin1998anatomy,
  Title                    = {The anatomy of a large-scale hypertextual Web search engine},
  Author                   = {Brin, Sergey and Page, Lawrence},
  Journal                  = {Computer networks and ISDN systems},
  Year                     = {1998},
  Number                   = {1},
  Pages                    = {107--117},
  Volume                   = {30},

  Publisher                = {Elsevier}
}

@Article{brockhurst2007experimental,
  Title                    = {Experimental coevolution with bacteria and phage: the Pseudomonas fluorescens—$\Phi$2 model system},
  Author                   = {Brockhurst, Michael A and Morgan, Andrew D and Fenton, Andrew and Buckling, Angus},
  Journal                  = {Infection, Genetics and Evolution},
  Year                     = {2007},
  Number                   = {4},
  Pages                    = {547--552},
  Volume                   = {7},

  Publisher                = {Elsevier}
}

@Article{brooks1979testing,
  Title                    = {Testing the context and extent of host-parasite coevolution},
  Author                   = {Brooks, Daniel R},
  Journal                  = {Systematic Biology},
  Year                     = {1979},
  Number                   = {3},
  Pages                    = {299--307},
  Volume                   = {28},

  Publisher                = {Oxford University Press}
}

@Article{brown1993evolution,
  Title                    = {Evolution of body size: consequences of an energetic definition of fitness},
  Author                   = {Brown, James H and Marquet, Pablo A and Taper, Mark L},
  Journal                  = {The American Naturalist},
  Year                     = {1993},
  Number                   = {4},
  Pages                    = {573--584},
  Volume                   = {142},

  Publisher                = {The American Society of Naturalists}
}

@Book{burnham2002,
  Title                    = {Model selection and multimodel inference: a practical
 information-theoretic approach},
  Author                   = {Burnham, Kenneth P and Anderson, David R},
  Publisher                = {Springer Science \& Business Media},
  Year                     = {2002}
}

@Article{butler2004phylogenetic,
  Title                    = {Phylogenetic comparative analysis: a modeling approach for
 adaptive evolution},
  Author                   = {Butler, Marguerite A and King, Aaron A},
  Journal                  = {The American Naturalist},
  Year                     = {2004},
  Number                   = {6},
  Pages                    = {683--695},
  Volume                   = {164},

  Publisher                = {The American Society of Naturalists}
}

@Article{cote2010rethinking,
  Title                    = {Rethinking ecosystem resilience in the face of climate
 change},
  Author                   = {C{\^o}t{\'e}, Isabelle M and Darling, Emily S},
  Journal                  = {PLoS biology},
  Year                     = {2010},
  Number                   = {7},
  Pages                    = {e1000438},
  Volume                   = {8},

  Publisher                = {Public Library of Science}
}

@Article{cadotte2012phylogenetic,
  Title                    = {Phylogenetic diversity promotes ecosystem stability},
  Author                   = {Cadotte, Marc W and Dinnage, Russell and Tilman, David},
  Journal                  = {Ecology},
  Year                     = {2012},
  Number                   = {sp8},
  Pages                    = {S223--S233},
  Volume                   = {93},

  Publisher                = {Ecological Society of America}
}

@Article{caldarelli_self-organized_2008,
  Title                    = {A self-organized model for network evolution},
  Author                   = {Caldarelli, G. and Capocci, A. and Garlaschelli, D.},
  Journal                  = {The European Physical Journal B},
  Year                     = {2008},

  Month                    = aug,
  Number                   = {3-4},
  Pages                    = {585--591},
  Volume                   = {64},

  Doi                      = {10.1140/epjb/e2008-00243-5},
  ISSN                     = {1434-6028, 1434-6036},
  Language                 = {en},
  Publisher                = {Springer},
  Url                      = {http://link.springer.com/article/10.1140/epjb/e2008-00243-5},
  Urldate                  = {2013-01-22}
}

@Article{caldarelli_evolution_2012,
  Title                    = {The Evolution of Complex Networks: A New Framework},
  Author                   = {Caldarelli, Guido and Chessa, Alessandro and Crimaldi, Irene and Pammolli, Fabio},
  Journal                  = {arXiv},
  Year                     = {2012},
  Pages                    = {1203.1349},
  Volume                   = {preprint}
}

@Article{caldarelli_modelling_1998,
  Title                    = {Modelling Coevolution in Multispecies Communities},
  Author                   = {Caldarelli, Guido and Higgs, Paul G. and {McKane}, Alan J.},
  Journal                  = {Journal of Theoretical Biology},
  Year                     = {1998},

  Month                    = jul,
  Number                   = {2},
  Pages                    = {345--358},
  Volume                   = {193},

  Doi                      = {10.1006/jtbi.1998.0706},
  ISSN                     = {0022-5193},
  Publisher                = {Elsevier},
  Url                      = {http://www.sciencedirect.com/science/article/pii/S0022519398907068},
  Urldate                  = {2013-01-23}
}

@Book{calder1984size,
  Title                    = {Size, function, and life history},
  Author                   = {Calder, William A},
  Publisher                = {Courier Corporation},
  Year                     = {1984}
}

@Article{camacho_quantitative_2007,
  Title                    = {Quantitative analysis of the local structure of food
 webs},
  Author                   = {Camacho, J. and Stouffer, {D.B.} and Amaral, {L.A.N.}},
  Journal                  = {Journal of Theoretical Biology},
  Year                     = {2007},

  Month                    = may,
  Number                   = {2},
  Pages                    = {260--268},
  Volume                   = {246},

  Doi                      = {10.1016/j.jtbi.2006.12.036},
  ISSN                     = {0022-5193},
  Publisher                = {Elsevier},
  Url                      = {http://www.ncbi.nlm.nih.gov/pmc/articles/PMC2128744/},
  Urldate                  = {2013-01-22}
}

@InCollection{camerano1994equilibrium,
  Title                    = {On the equilibrium of living beings by means of reciprocal destruction},
  Author                   = {Camerano, Lorenzo},
  Booktitle                = {Frontiers in Mathematical Biology},
  Publisher                = {Springer},
  Year                     = {1994},
  Pages                    = {360--380}
}

@Article{camerano1880dell,
  Title                    = {Dell’equilibrio dei viventi merc{\'e} la reciproca distruzione},
  Author                   = {Camerano, Lorenzo},
  Journal                  = {Accademia delle Scienze di Torino},
  Year                     = {1880},
  Pages                    = {393--414},
  Volume                   = {15}
}

@Article{canard2014empirical,
  Title                    = {Empirical Evaluation of Neutral Interactions in Host-Parasite Networks},
  Author                   = {Canard, E. F. and Mouquet, N and Mouillot, D and Stanko, M and Miklisova, D and Gravel, D},
  Journal                  = {The American Naturalist},
  Year                     = {2014},
  Number                   = {4},
  Pages                    = {468--479},
  Volume                   = {183},

  Publisher                = {The American Society of Naturalists}
}

@Manual{cannon_diversification_2010,
  Title                    = {Diversification in Simulated Food Webs: The Role of Closed Motifs},
  Author                   = {Cannon, Jonathan and Fay, Gavin and Hein, Andrew and Weinberger, Vanessa},
  Year                     = {2010}
}

@Article{capitan2013degree,
  Title                    = {Degree of intervality of food webs: From body-size data to models},
  Author                   = {Capit{\'a}n, Jos{\'e} A and Arenas, Alex and Guimer{\`a},
 Roger},
  Journal                  = {Journal of Theoretical Biology},
  Year                     = {2013},
  Pages                    = {35--44},
  Volume                   = {334},

  Publisher                = {Elsevier}
}

@Article{cardinale2012biodiversity,
  Title                    = {Biodiversity loss and its impact on humanity},
  Author                   = {Cardinale, Bradley J and Duffy, J Emmett and Gonzalez, Andrew and Hooper, David U and Perrings, Charles and Venail, Patrick and Narwani, Anita and Mace, Georgina M and Tilman, David and Wardle, David A and others},
  Journal                  = {Nature},
  Year                     = {2012},
  Number                   = {7401},
  Pages                    = {59--67},
  Volume                   = {486},

  Publisher                = {Nature Publishing Group}
}

@Article{carroll2007evolution,
  Title                    = {Evolution on ecological time-scales},
  Author                   = {Carroll, Scott P and Hendry, Andrew P and Reznick, David N
 and Fox, Charles W},
  Journal                  = {Functional Ecology},
  Year                     = {2007},
  Number                   = {3},
  Pages                    = {387--393},
  Volume                   = {21},

  Publisher                = {British Ecological Society}
}

@Article{caswell2011perturbation,
  Title                    = {Perturbation analysis of continuous-time absorbing Markov
 chains},
  Author                   = {Caswell, Hal},
  Journal                  = {Numerical Linear Algebra with Applications},
  Year                     = {2011},
  Number                   = {6},
  Pages                    = {901--917},
  Volume                   = {18},

  Publisher                = {Wiley Online Library}
}

@Article{cattell1966scree,
  Title                    = {The scree test for the number of factors},
  Author                   = {Cattell, Raymond B},
  Journal                  = {Multivariate behavioral research},
  Year                     = {1966},
  Number                   = {2},
  Pages                    = {245--276},
  Volume                   = {1},

  Publisher                = {Taylor \& Francis}
}

@Article{cattin2004phylogenetic,
  Title                    = {Phylogenetic constraints and adaptation explain food-web
 structure},
  Author                   = {Cattin, Marie-France and Bersier, Louis-F{\'e}lix and
 Bana{\v{s}}ek-Richter, Carolin and Baltensperger, Richard
 and Gabriel, Jean-Pierre},
  Journal                  = {Nature},
  Year                     = {2004},
  Number                   = {6977},
  Pages                    = {835--839},
  Volume                   = {427},

  Publisher                = {Nature Publishing Group}
}

@Article{cavalli1967phylogenetic,
  Title                    = {Phylogenetic analysis. Models and estimation procedures},
  Author                   = {Cavalli-Sforza, Luigi L and Edwards, Anthony W. F.},
  Journal                  = {American journal of human genetics},
  Year                     = {1967},
  Number                   = {3 Pt 1},
  Pages                    = {233--257},
  Volume                   = {19},

  Publisher                = {American Society of Human Genetics}
}

@Book{chase2003ecological,
  Title                    = {Ecological niches: linking classical and contemporary approaches},
  Author                   = {Chase, Jonathan M and Leibold, Mathew A},
  Publisher                = {University of Chicago Press},
  Year                     = {2003}
}

@Article{chatterjee2014matrix,
  Title                    = {Matrix estimation by universal singular value
 thresholding},
  Author                   = {Chatterjee, Sourav and others},
  Journal                  = {The Annals of Statistics},
  Year                     = {2014},
  Number                   = {1},
  Pages                    = {177--214},
  Volume                   = {43},

  Publisher                = {Institute of Mathematical Statistics}
}

@Article{Chesson2000Mechanisms,
  Title                    = {Mechanisms of Maintenance of Species Diversity},
  Author                   = {Chesson, Peter},
  Journal                  = {Annual Review of Ecology and Systematics},
  Year                     = {2000},
  Number                   = {1},
  Pages                    = {343-366},
  Volume                   = {31},

  Doi                      = {10.1146/annurev.ecolsys.31.1.343},
  Publisher                = {Annual Reviews}
}

@Article{Clarke033647,
  Title                    = {Trait evolution in adaptive radiations: modelling and measuring interspecific competition on phylogenies},
  Author                   = {Clarke, Magnus and Thomas, Gavin H and Freckleton, Robert P},
  Journal                  = {bioRxiv},
  Year                     = {2015},
  Pages                    = {{ }doi: 10.1101/033647},
  Volume                   = {preprint},

  Publisher                = {Cold Spring Harbor Labs Journals}
}

@Article{clavel2015mvmorph,
  Title                    = {mvMORPH: an R package for fitting multivariate evolutionary models to morphometric data},
  Author                   = {Clavel, Julien and Escarguel, Gilles and Merceron, Gildas},
  Journal                  = {Methods in Ecology and Evolution},
  Year                     = {2015},
  Number                   = {11},
  Pages                    = {1311--1319},
  Volume                   = {6},

  Publisher                = { British Ecological Society}
}

@Article{pond,
  Title                    = {Spatial and temporal variation in the structure of an intermittent-stream food web},
  Author                   = {Closs, G. P. and Lake, P. S.},
  Journal                  = {Ecological Monographs},
  Year                     = {1994},
  Number                   = {1},
  Pages                    = {2--21},
  Volume                   = {64},

  Publisher                = {Ecological Society of America}
}

@Book{cody1974competition,
  Title                    = {Competition and the structure of bird communities},
  Author                   = {Cody, Martin L},
  Publisher                = {Princeton University Press},
  Year                     = {1974},
  Series                   = {Monographs in Population Biology},
  Volume                   = {7}
}

@InProceedings{cohen1983recent,
  Title                    = {Recent progress and problems in food web theory},
  Author                   = {Cohen, Joel E.},
  Booktitle                = {Current Trends in Food Web Theory},
  Year                     = {1983},

  Address                  = {Oak Ridge, Tennessee},
  Editor                   = {De Angelis, D. L. and Post, W. M. and Sugihara, G.},
  Pages                    = {17--24},
  Publisher                = {Oak Ridge National Laboratory}
}

@InCollection{cohen1994lorenzo,
  Title                    = {Lorenzo Camerano’s contribution to early food web
 theory},
  Author                   = {Cohen, Joel E},
  Booktitle                = {Frontiers in mathematical biology},
  Publisher                = {Springer},
  Year                     = {1994},
  Pages                    = {351--359}
}

@Book{cohen1978food,
  Title                    = {Food webs and niche space},
  Author                   = {Cohen, Joel E},
  Publisher                = {Princeton University Press},
  Year                     = {1978},
  Number                   = {11},
  Series                   = {Monographs in Population Biology}
}

@Article{cohen1977food,
  Title                    = {Food webs and the dimensionality of trophic niche space},
  Author                   = {Cohen, Joel E},
  Journal                  = {Proceedings of the National Academy of Sciences},
  Year                     = {1977},
  Number                   = {10},
  Pages                    = {4533--4536},
  Volume                   = {74},

  Publisher                = {National Academy of Sciences}
}

@Article{cohen1990stochastic,
  Title                    = {A stochastic theory of community food webs. V. Intervality and triangulation in the trophic-niche overlap graph},
  Author                   = {Cohen, Joel E and Palka, Zbigniew J},
  Journal                  = {The American Naturalist},
  Year                     = {1990},
  Number                   = {3},
  Pages                    = {435--463},
  Volume                   = {135},

  Publisher                = {The American Society of Naturalists}
}

@Article{connell1961influence,
  Title                    = {The influence of interspecific competition and other factors on the distribution of the barnacle \textit{Chthamalus stellatus}},
  Author                   = {Connell, Joseph H},
  Journal                  = {Ecology},
  Year                     = {1961},
  Number                   = {4},
  Pages                    = {710--723},
  Volume                   = {42},

  Publisher                = {Ecological Society of America}
}

@Article{coulson2004skeletons,
  Title                    = {Skeletons, noise and population growth: the end of an old
 debate?},
  Author                   = {Coulson, Tim and Rohani, Pejman and Pascual, Mercedes},
  Journal                  = {Trends in Ecology \& Evolution},
  Year                     = {2004},
  Number                   = {7},
  Pages                    = {359--364},
  Volume                   = {19},

  Publisher                = {Elsevier}
}

@Article{crawford2015life,
  Title                    = {Life-history evolution in a Daphnia ambigua population during community assembly},
  Author                   = {Crawford, John Williams and Redlinski, Izabella and Steiner, Christopher F and C{\'a}ceres, Carla E},
  Journal                  = {Journal of Plankton Research},
  Year                     = {2015},
  Number                   = {2},
  Pages                    = {409--416},
  Volume                   = {37},

  Publisher                = {Oxford Univ Press}
}

@Article{crofts2009weighted,
  Title                    = {A weighted communicability measure applied to complex
 brain networks},
  Author                   = {Crofts, Jonathan J and Higham, Desmond J},
  Journal                  = {Journal of the Royal Society Interface},
  Year                     = {2009},
  Number                   = {33},
  Pages                    = {411--414},
  Volume                   = {6},

  Publisher                = {The Royal Society}
}

@Article{igraph,
  Title                    = {The igraph software package for complex network research},
  Author                   = {Gabor Csardi and Tamas Nepusz},
  Journal                  = {InterJournal},
  Year                     = {2006},
  Pages                    = {1695},
  Volume                   = {Complex Systems},

  Url                      = {http://igraph.org}
}

@Article{debarre2014multidimensional,
  Title                    = {Multidimensional (co) evolutionary stability},
  Author                   = {D{\'e}barre, Flo and Nuismer, SL and Doebeli, M},
  Journal                  = {The American Naturalist},
  Year                     = {2014},
  Number                   = {2},
  Pages                    = {158--171},
  Volume                   = {184},

  Publisher                = {The American Society of Naturalists}
}

@Article{dallariva2015exploring,
  Title                    = {Exploring the evolutionary signature of food webs' backbones using functional traits},
  Author                   = {Dalla Riva, Giulio V. and Stouffer, Daniel B.},
  Journal                  = {Oikos},
  Year                     = {2016},
  Pages                    = {{ }doi: 10.1111/oik.02305},
  Volume                   = {in press},

  Doi                      = {10.1111/oik.02305},
  Publisher                = {The Nordic Society Oikos}
}

@Book{darwin1897structure,
  Title                    = {The structure and distribution of coral reefs},
  Author                   = {Darwin, Charles},
  Publisher                = {Smith, Elder \& Co.},
  Address                  = {London},
  Year                     = {1889}
}

@Book{darwin1892formation,
  Title                    = {The formation of vegetable mould, through the action of worms, with observations on their habits},
  Author                   = {Darwin, Charles},
  Publisher                = {John Murray},
  Address                  = {London},
  Year                     = {1892}
}

@Book{darwin1888various,
  Title                    = {The various contrivances by which orchids are fertilised by insects},
  Author                   = {Darwin, Charles},
  Publisher                = {John Murrary},
  Address                  = {London},
  Year                     = {1888}
}

@Book{darwin1859origin,
  Title                    = {On the Origin of Species by Means of Natural Selection: or the Preservation of Favored Races in the Struggle for Life},
  Author                   = {Darwin, Charles},
  Publisher                = {John Murray},
  Year                     = {1859},

  Address                  = {London},

  Priority                 = {2},
  Timestamp                = {2008-05-27T04:02:47.000+0200}
}

@Article{grassland,
  Title                    = {Structure of the parasitoid communities of grass-feeding chalcid wasps},
  Author                   = {Dawah, Hassan Ali and Hawkins, Bradford A and Claridge,
 Michael F},
  Journal                  = {Journal of animal ecology},
  Year                     = {1995},
  Pages                    = {708--720},
  Volume                   = {64},

  Publisher                = {British Ecological Society}
}

@Article{Dehling2014Functional,
  Title                    = {Functional and phylogenetic diversity and assemblage structure of frugivorous birds along an elevational gradient in the tropical Andes},
  Author                   = {Dehling, D. Matthias and Fritz, Susanne A. and Töpfer, Till and Päckert, Martin and Estler, Patrizia and Böhning-Gaese, Katrin and Schleuning, Matthias},
  Journal                  = {Ecography},
  Year                     = {2014},
  Number                   = {11},
  Pages                    = {1047--1055},
  Volume                   = {37},

  Doi                      = {10.1111/ecog.00623},
  ISSN                     = {1600-0587},
  Publisher                = {The Nordic Society Oikos},
  Url                      = {http://dx.doi.org/10.1111/ecog.00623}
}

@Article{Dehling2016Morphology,
  Title                    = {Morphology predicts species' functional roles and their degree of specialisation in plant-frugivore interactions.},
  Author                   = {Dehling, D. Matthias and Jordano, Pedro and Schaefer, H. Martin and Boehning-Gaese, K. and Schleuning, M.},
  Journal                  = {Proceedings of the Royal Society B: Biological Sciences.},
  Year                     = {2016},
  Volume                   = {in press},

  Publisher                = {The Royal Society}
}

@Article{dehling2014functionalgeb,
  Title                    = {Functional relationships beyond species richness patterns: trait matching in plant--bird mutualisms across scales},
  Author                   = {Dehling, D Matthias and T{\"o}pfer, Till and Schaefer, H Martin and Jordano, Pedro and B{\"o}hning-Gaese, Katrin and Schleuning, Matthias},
  Journal                  = {Global Ecology and Biogeography},
  Year                     = {2014},
  Number                   = {10},
  Pages                    = {1085--1093},
  Volume                   = {23},

  Publisher                = {Wiley Online Library}
}

@Article{des2013ecological,
  Title                    = {Ecological and evolutionary effects of stickleback on
 community structure},
  Author                   = {Des Roches, Simone and Shurin, Jonathan B and Schluter,
 Dolph and Harmon, Luke J},
  Journal                  = {PloS one},
  Year                     = {2013},
  Number                   = {4},
  Pages                    = {e59644},
  Volume                   = {8},

  Publisher                = {Public Library of Science}
}

@Article{dodsworth2015genomic,
  Title                    = {Genomic repeat abundances contain phylogenetic signal},
  Author                   = {Dodsworth, Steven and Chase, Mark W and Kelly, Laura J and Leitch, Ilia J and Macas, Ji{\v{r}}{\'\i} and Nov{\'a}k, Petr and Piedno{\"e}l, Mathieu and Weiss-Schneeweiss, Hanna and Leitch, Andrew R},
  Journal                  = {Systematic Biology},
  Year                     = {2015},
  Number                   = {1},
  Pages                    = {112--126},
  Volume                   = {64},

  Publisher                = {Oxford University Press}
}

@Book{doebeli2011adaptive,
  Title                    = {Adaptive Diversification (MPB-48)},
  Author                   = {Doebeli, Michael},
  Publisher                = {Princeton University Press},
  Year                     = {2011}
}

@Article{doebeli2000evolutionary,
  Title                    = {Evolutionary branching and sympatric speciation caused by different types of ecological interactions},
  Author                   = {Doebeli, Michael and Dieckmann, Ulf},
  Journal                  = {The American Naturalist},
  Year                     = {2000},
  Number                   = {S4},
  Pages                    = {S77--S101},
  Volume                   = {156},

  Publisher                = {The American Society of Naturalists}
}

@Article{doebeli2014chaos,
  Title                    = {Chaos and unpredictability in evolution},
  Author                   = {Doebeli, Michael and Ispolatov, Iaroslav},
  Journal                  = {Evolution},
  Year                     = {2014},
  Number                   = {5},
  Pages                    = {1365--1373},
  Volume                   = {68},

  Publisher                = {Society for the Study of Evolution}
}

@Article{doebeli2010complexity,
  Title                    = {Complexity and diversity},
  Author                   = {Doebeli, Michael and Ispolatov, Iaroslav},
  Journal                  = {Science},
  Year                     = {2010},
  Number                   = {5977},
  Pages                    = {494--497},
  Volume                   = {328},

  Publisher                = {American Association for the Advancement of Science}
}

@Article{doi_shorter_2012,
  Title                    = {Shorter Food Chain Length in Ancient Lakes: Evidence from a Global Synthesis},
  Author                   = {Doi, Hideyuki and Vander Zanden, M. Jake and Hillebrand, Helmut},
  Journal                  = {{PLoS} {ONE}},
  Year                     = {2012},

  Month                    = jun,
  Number                   = {6},
  Pages                    = {e37856},
  Volume                   = {7},

  Publisher                = {Public Library of Science},
  Urldate                  = {2013}
}

@Article{doob1942brownian,
  Title                    = {The Brownian Movement and Stochastic Equations},
  Author                   = {J. L. Doob},
  Journal                  = {Annals of Mathematics},
  Year                     = {1942},
  Number                   = {2},
  Pages                    = {351-369},
  Volume                   = {43},

  ISSN                     = {0003486X},
  Publisher                = {Annals of Mathematics},
  Url                      = {http://www.jstor.org/stable/1968873}
}

@Article{drossel2001influence,
  Title                    = {The influence of predator--prey population dynamics on the long-term evolution of food web structure},
  Author                   = {Drossel, Barbara and Higgs, Paul G and McKane, Alan J},
  Journal                  = {Journal of Theoretical Biology},
  Year                     = {2001},
  Number                   = {1},
  Pages                    = {91--107},
  Volume                   = {208},

  Publisher                = {Elsevier}
}

@InCollection{drossel_modelling_2002,
  Title                    = {Modelling Food Webs},
  Author                   = {Drossel, Barbara and {McKane}, Alan J.},
  Booktitle                = {Handbook of Graphs and Networks: From the Genome to the Internet},
  Publisher                = {Wiley-VCH Verlag GmbH \& Co. KGaA},
  Year                     = {2003},
  Editor                   = {Bornholdt, Stefan and Schuster, Heinz George},
  Pages                    = {218--247}
}

@Article{drossel_influence_2000,
  Title                    = {The impact of nonlinear functional responses on the long-term evolution of food web structure},
  Author                   = {Drossel, Barbara and McKane, Alan J and Quince, Christopher},
  Journal                  = {Journal of Theoretical Biology},
  Year                     = {2004},
  Number                   = {4},
  Pages                    = {539--548},
  Volume                   = {229},

  Publisher                = {Elsevier}
}

@Article{Drury023473,
  Title                    = {Estimating the effect of competition on trait evolution using maximum likelihood inference},
  Author                   = {Drury, Jonathan and Clavel, Julien and Manceau, Marc and Morlon, H{\'e}l{\`e}ne},
  Journal                  = {bioRxiv},
  Year                     = {2015},
  Pages                    = {{ }doi: 10.1101/023473},
  Volume                   = {preprint},

  Publisher                = {Cold Spring Harbor Labs Journals}
}

@Manual{shapes,
  Title                    = {shapes: Statistical shape analysis},
  Author                   = {Ian L. Dryden},
  Note                     = {version 1.1-7},
  Year                     = {2013},

  Url                      = {http://CRAN.R-project.org/package=shapes}
}

@Book{dryden1998statistical,
  Title                    = {Statistical shape analysis},
  Author                   = {Dryden, Ian L and Mardia, Kanti V},
  Publisher                = {Wiley Chichester},
  Year                     = {1998},
  Volume                   = {4}
}

@Article{dunne_compilation_2008,
  Title                    = {Compilation and network analyses of Cambrian food webs},
  Author                   = {Dunne, J. A. and Williams, R. J. and Martinez, N. D. and
 Wood, R. A. and Erwin, D. H.},
  Journal                  = {{PLoS} biology},
  Year                     = {2008},
  Number                   = {4},
  Pages                    = {e102},
  Volume                   = {6},

  Publisher                = {Public Library of Science},
  Url                      = {http://dx.plos.org/10.1371/journal.pbio.0060102},
  Urldate                  = {2013-01-22}
}

@Book{durrett2012essentials,
  Title                    = {Essentials of stochastic processes},
  Author                   = {Durrett, Richard},
  Publisher                = {Springer},
  Year                     = {2012}
}

@Article{dyer2004population,
  Title                    = {Population graphs: the graph theoretic shape of genetic structure},
  Author                   = {Dyer, Rodney J and Nason, John D},
  Journal                  = {Molecular Ecology},
  Year                     = {2004},
  Number                   = {7},
  Pages                    = {1713--1727},
  Volume                   = {13},

  Publisher                = {Wiley Online Library}
}

@Book{seamless,
  Title                    = {Seamless {R} and {C++} Integration with {Rcpp}},
  Author                   = {Dirk Eddelbuettel},
  Publisher                = {Springer},
  Year                     = {2013},

  Address                  = {New York},
}

@Article{rcpp,
  Title                    = {{Rcpp}: Seamless {R} and {C++} Integration},
  Author                   = {Dirk Eddelbuettel and Romain Fran\c{c}ois},
  Journal                  = {Journal of Statistical Software},
  Year                     = {2011},
  Number                   = {8},
  Pages                    = {1--18},
  Volume                   = {40},

  Url                      = {http://www.jstatsoft.org/v40/i08/}
}

@Article{rarma,
  Title                    = {RcppArmadillo: Accelerating R with high-performance C++
 linear algebra},
  Author                   = {Dirk Eddelbuettel and Conrad Sanderson},
  Journal                  = {Computational Statistics and Data Analysis},
  Year                     = {2014},

  Month                    = {March},
  Pages                    = {1054--1063},
  Volume                   = {71},

  Url                      = {http://dx.doi.org/10.1016/j.csda.2013.02.005}
}

@Article{egerton2002history,
  Title                    = {A history of the ecological sciences, part 6: Arabic language science: Origins and zoological writings},
  Author                   = {Egerton, Frank N},
  Journal                  = {Bulletin of the Ecological Society of America},
  Year                     = {2002},
  Number                   = {2},
  Pages                    = {142--146},
  Volume                   = {83},

  Publisher                = {Ecological Society of America}
}

@Article{ehrlich1964butterflies,
  Title                    = {Butterflies and plants: a study in coevolution},
  Author                   = {Ehrlich, Paul R and Raven, Peter H},
  Journal                  = {Evolution},
  Year                     = {1964},

  Month                    = {December},
  Number                   = {4},
  Pages                    = {586--608},
  Volume                   = {18},

  Publisher                = {Society for the Study of Evolution}
}

@Article{ejov2009note,
  Title                    = {A note on the graph’s resolvent and the multifilar
 structure},
  Author                   = {Ejov, Vladimir and Friedland, Shmuel and Nguyen, Giang T},
  Journal                  = {Linear Algebra and its Applications},
  Year                     = {2009},
  Number                   = {8},
  Pages                    = {1367--1379},
  Volume                   = {431},

  Publisher                = {Elsevier}
}

@Article{eklof2012relevance,
  Title                    = {Relevance of evolutionary history for food web structure},
  Author                   = {Ekl{\"o}f, Anna and Helmus, Matthew R. and Moore, M and
 Allesina, Stefano},
  Journal                  = {Proceedings of the Royal Society B: Biological Sciences},
  Year                     = {2012},
  Number                   = {1733},
  Pages                    = {1588--1596},
  Volume                   = {279},

  Publisher                = {The Royal Society}
}

@Article{eklof2013dimensionality,
  Title                    = {The dimensionality of ecological networks},
  Author                   = {Ekl{\"o}f, Anna and Jacob, Ute and Kopp, Jason and Bosch,
 Jordi and Castro-Urgal, Roc{\'\i}o and Chacoff, Natacha P
 and Dalsgaard, Bo and Sassi, Claudio and Galetti, Mauro and
 Guimar{\~a}es, Paulo R and others},
  Journal                  = {Ecology letters},
  Year                     = {2013},
  Number                   = {5},
  Pages                    = {577--583},
  Volume                   = {16},

  Publisher                = {John Wiley \& Sons Ltd/ CNRS}
}

@InCollection{eldredge2003sloshing,
  Title                    = {The Sloshing Bucket: How The Physical Realm Controls Evolution},
  Author                   = {Eldredge, Niles},
  Booktitle                = {Evolutionary dynamics: Exploring the interplay of selection, accident, neutrality, and function},
  Publisher                = {Oxford University Press},
  Year                     = {2003},

  Address                  = {Oxford, New York},
  Editor                   = {Schuster, Peter and Crutchfield, James P.},
  Pages                    = {3}
}

@Article{ellis2015character,
  Title                    = {Character displacement and the evolution of niche complementarity in a model biofilm community},
  Author                   = {Ellis, Crystal N and Traverse, Charles C and Mayo-Smith, Leslie and Buskirk, Sean W and Cooper, Vaughn S},
  Journal                  = {Evolution},
  Year                     = {2015},
  Number                   = {2},
  Pages                    = {283--293},
  Volume                   = {69},

  Publisher                = {Society for the Study of Evolution}
}

@Article{ellison_predicting_2012,
  Title                    = {Predicting Food-Web Structure With Metacommunity Models},
  Author                   = {Ellison, Aaron M. and Baiser, Benjamin H. and Gotelli,
 Nicholas and Buckley, Hannah L.},
  Journal                  = {Oikos},
  Year                     = {2012},
  Number                   = {4},
  Pages                    = {492--506},
  Volume                   = {122},

  Publisher                = {The Nordic Society}
}

@Article{ellner2011does,
  Title                    = {Does rapid evolution matter? Measuring the rate of
 contemporary evolution and its impacts on ecological
 dynamics},
  Author                   = {Ellner, Stephen P and Geber, Monica A and Hairston, Nelson
 G},
  Journal                  = {Ecology Letters},
  Year                     = {2011},
  Number                   = {6},
  Pages                    = {603--614},
  Volume                   = {14},

  Publisher                = {John Wiley \& Sons Ltd/ CNRS}
}

@Book{Elton1927Animal,
  Title                    = {Animal ecology},
  Author                   = {Elton, Charles S.},
  Publisher                = {Macmillan Co.},
  Year                     = {1927},

  Address                  = {New York}
}

@Article{erdos1960evolution,
  Title                    = {On the evolution of random graphs},
  Author                   = {Erd{\"o}s, Paul and R{\'e}nyi, Alfr{\'e}d},
  Journal                  = {Publ. Math. Inst. Hung. Acad. Sci},
  Year                     = {1960},
  Pages                    = {17--61},
  Volume                   = {5}
}

@Book{estrada2011structure,
  Title                    = {The structure of complex networks: theory and
 applications},
  Author                   = {Estrada, Ernesto},
  Publisher                = {Oxford University Press},
  Year                     = {2011}
}

@Article{estrada2007characterization,
  Title                    = {Characterization of topological keystone species: local,
 global and “meso-scale” centralities in food webs},
  Author                   = {Estrada, Ernesto},
  Journal                  = {Ecological Complexity},
  Year                     = {2007},
  Number                   = {1},
  Pages                    = {48--57},
  Volume                   = {4},

  Publisher                = {Elsevier}
}

@Article{estrada2000characterization,
  Title                    = {Characterization of 3D molecular structure},
  Author                   = {Estrada, Ernesto},
  Journal                  = {Chemical Physics Letters},
  Year                     = {2000},
  Number                   = {5},
  Pages                    = {713--718},
  Volume                   = {319},

  Publisher                = {Elsevier}
}

@Article{estrada2007statistical,
  Title                    = {Statistical-mechanical approach to subgraph centrality in
 complex networks},
  Author                   = {Estrada, Ernesto and Hatano, Naomichi},
  Journal                  = {Chemical Physics Letters},
  Year                     = {2007},
  Number                   = {1},
  Pages                    = {247--251},
  Volume                   = {439},

  Publisher                = {Elsevier}
}

@Article{estrada2005subgraph,
  Title                    = {Subgraph centrality in complex networks},
  Author                   = {Estrada, Ernesto and Rodriguez-Velazquez, Juan A},
  Journal                  = {Physical Review E},
  Year                     = {2005},
  Number                   = {5},
  Pages                    = {056103},
  Volume                   = {71},

  Publisher                = {APS}
}

@InProceedings{etemad2014spirograph,
  Title                    = {Spirograph inspired visualization of ecological networks},
  Author                   = {Etemad, Katayoon and Carpendale, Sheelagh and Samavati, Faramarz},
  Booktitle                = {Proceedings of the Workshop on Computational Aesthetics},
  Year                     = {2014},
  Organization             = {ACM},
  Pages                    = {81--91}
}

@Article{faith1992conservation,
  Title                    = {Conservation evaluation and phylogenetic diversity},
  Author                   = {Faith, Daniel P},
  Journal                  = {Biological Conservation},
  Year                     = {1992},
  Number                   = {1},
  Pages                    = {1--10},
  Volume                   = {61},

  Publisher                = {Elsevier}
}

@Article{faller2011optimizing,
  Title                    = {Optimizing phylogenetic diversity with ecological
 constraints},
  Author                   = {Faller, Be{\'a}ta and Semple, Charles and Welsh, Dominic},
  Journal                  = {Annals of Combinatorics},
  Year                     = {2011},
  Number                   = {2},
  Pages                    = {255--266},
  Volume                   = {15},

  Publisher                = {Springer}
}

@Article{faller2012trait,
  Title                    = {Trait-dependent extinction leads to greater expected
 biodiversity loss},
  Author                   = {Faller, Be{\'a}ta and Steel, Mike},
  Journal                  = {SIAM Journal on Discrete Mathematics},
  Year                     = {2012},
  Number                   = {2},
  Pages                    = {472--481},
  Volume                   = {26},

  Publisher                = {SIAM}
}

@Article{faye2015valuing,
  Title                    = {Valuing species on the cheap},
  Author                   = {Faye, L and Matthey-Doret, R and Mooers, AO},
  Journal                  = {Animal Conservation},
  Year                     = {2015},
  Number                   = {4},
  Pages                    = {313--314},
  Volume                   = {18},

  Publisher                = {Wiley Online Library}
}

@Article{felsenstein1985phylogenies,
  Title                    = {Phylogenies and the comparative method},
  Author                   = {Felsenstein, Joseph},
  Journal                  = {The American Naturalist},
  Year                     = {1985},
  Number                   = {1},
  Pages                    = {1--15},
  Volume                   = {125},

  Publisher                = {The American Society of Naturalists}
}

@Article{fisher2014transition,
  Title                    = {The transition between the niche and neutral regimes in ecology},
  Author                   = {Fisher, Charles K and Mehta, Pankaj},
  Journal                  = {Proceedings of the National Academy of Sciences},
  Year                     = {2014},
  Number                   = {36},
  Pages                    = {13111--13116},
  Volume                   = {111},

  Publisher                = {National Acad Sciences}
}

@Article{fishkind2013consistent,
  Title                    = {Consistent adjacency-spectral partitioning for the stochastic block model when the model parameters are unknown},
  Author                   = {Fishkind, Donniell E and Sussman, Daniel L and Tang, Minh and Vogelstein, Joshua T and Priebe, Carey E},
  Journal                  = {SIAM Journal on Matrix Analysis and Applications},
  Year                     = {2013},
  Number                   = {1},
  Pages                    = {23--39},
  Volume                   = {34},

  Publisher                = {SIAM}
}

@Article{fleming1979tropical,
  Title                    = {Do tropical frugivores compete for food?},
  Author                   = {Fleming, Theodore H},
  Journal                  = {American Zoologist},
  Year                     = {1979},
  Number                   = {4},
  Pages                    = {1157--1172},
  Volume                   = {19},

  Publisher                = {Society for Integrative and Comparative Biology}
}

@Article{fontana2015individual,
  Title                    = {Individual-level trait diversity concepts and indices to comprehensively describe community change in multidimensional trait space},
  Author                   = {Fontana, Simone and Petchey, Owen L and Pomati, Francesco},
  Journal                  = {Functional Ecology},
  Year                     = {2015},
  Pages                    = {{ }doi: 10.1111/1365-2435.12551},
  Volume                   = {in press},

  Publisher                = {British Ecological Society}
}

@Article{fortuna2013habitat,
  Title                    = {Habitat loss and the disassembly of mutalistic networks},
  Author                   = {Fortuna, Miguel A and Krishna, Abhay and Bascompte,
 Jordi},
  Journal                  = {Oikos},
  Year                     = {2013},
  Number                   = {6},
  Pages                    = {938--942},
  Volume                   = {122},

  Publisher                = {The Nordic Society Oikos}
}

@Article{fortuna2014web,
  Title                    = {The Web of Life},
  Author                   = {Fortuna, Miguel A and Ortega, Ra{\'u}l and Bascompte, Jordi},
  Journal                  = {arXiv},
  Year                     = {2014},
  Pages                    = {1403.2575},
  Volume                   = {preprint}
}

@Article{fortuna_nestedness_2010,
  Title                    = {Nestedness versus modularity in ecological networks: two sides of the same coin?},
  Author                   = {Fortuna, Miguel A. and Stouffer, Daniel B. and Olesen, Jens M. and Jordano, Pedro and Mouillot, David and Krasnov, Boris R. and Poulin, Robert and Bascompte, Jordi},
  Journal                  = {Journal of Animal Ecology},
  Year                     = {2010},

  Month                    = jul,
  Number                   = {4},
  Pages                    = {811--817},
  Volume                   = {79},

  Doi                      = {10.1111/j.1365-2656.2010.01688.x},
  Publisher                = {British Ecological Society}
}

@Article{frago2012insect,
  Title                    = {Insect symbionts as hidden players in insect--plant interactions},
  Author                   = {Frago, Enric and Dicke, Marcel and Godfray, H Charles J},
  Journal                  = {Trends in Ecology \& Evolution},
  Year                     = {2012},
  Number                   = {12},
  Pages                    = {705--711},
  Volume                   = {27},

  Publisher                = {Elsevier}
}

@Article{freckleton2006detecting,
  Title                    = {Detecting non-Brownian trait evolution in adaptive radiations},
  Author                   = {Freckleton, Robert P and Harvey, Paul H},
  Journal                  = {PLoS biology},
  Year                     = {2006},
  Number                   = {11},
  Pages                    = {e373},
  Volume                   = {4},

  Publisher                = {Public Library of Science}
}

@Article{freeman1979centrality,
  Title                    = {Centrality in social networks conceptual clarification},
  Author                   = {Freeman, Linton C},
  Journal                  = {Social networks},
  Year                     = {1979},
  Number                   = {3},
  Pages                    = {215--239},
  Volume                   = {1},

  Publisher                = {Elsevier}
}

@Article{freeman1977set,
  Title                    = {A set of measures of centrality based on betweenness},
  Author                   = {Freeman, Linton C},
  Journal                  = {Sociometry},
  Year                     = {1977},
  Number                   = {1},
  Pages                    = {35--41},
  Volume                   = {40},

  Publisher                = {American Sociological Association}
}

@Book{friedman2001elements,
  Title                    = {The elements of statistical learning},
  Author                   = {Friedman, Jerome and Hastie, Trevor and Tibshirani, Robert},
  Publisher                = {Springer series in statistics Springer, Berlin},
  Year                     = {2001},
  Volume                   = {1}
}

@Article{fukami_productivitybiodiversity_2003,
  Title                    = {Productivity–biodiversity relationships depend on the
 history of community assembly},
  Author                   = {Fukami, Tadashi and Morin, Peter J.},
  Journal                  = {Nature},
  Year                     = {2003},

  Month                    = jul,
  Number                   = {6947},
  Pages                    = {423--426},
  Volume                   = {424},

  Copyright                = {2003 Nature Publishing Group},
  Doi                      = {10.1038/nature01785},
  ISSN                     = {0028-0836},
  Language                 = {en},
  Publisher                = {Nature Publishing Group},
  Url                      = {http://www.nature.com/nature/journal/v424/n6947/full/nature01785.html},
  Urldate                  = {2013-01-18}
}

@Article{fussmann2007eco,
  Title                    = {Eco-evolutionary dynamics of communities and ecosystems},
  Author                   = {Fussmann, GF and Loreau, M and Abrams, PA},
  Journal                  = {Functional Ecology},
  Year                     = {2007},
  Number                   = {3},
  Pages                    = {465--477},
  Volume                   = {21},

  Publisher                = {British Ecological Society}
}

@Article{futuyma2009macroevolution,
  Title                    = {Macroevolution and the biological diversity of plants and herbivores},
  Author                   = {Futuyma, Douglas J and Agrawal, Anurag A},
  Journal                  = {Proceedings of the National Academy of Sciences},
  Year                     = {2009},
  Number                   = {43},
  Pages                    = {18054--18061},
  Volume                   = {106},

  Publisher                = {National Academy of Sciences}
}

@Article{futuyma1988evolution,
  Title                    = {The evolution of ecological specialization},
  Author                   = {Futuyma, Douglas J and Moreno, Gabriel},
  Journal                  = {Annual Review of Ecology and Systematics},
  Year                     = {1988},
  Pages                    = {207--233},
  Volume                   = {19},

  Publisher                = {Annual Reviews}
}

@Book{futuyma1983study,
  Title                    = {Coevolution},
  Author                   = {Futuyma, Douglas J and Slatkin, Montgomery},
  Publisher                = {Sinauer Associates Incorporated},
  Year                     = {1983},

  Address                  = {Sunderland, Massachusetts},

  Pages                    = {431--458}
}

@InCollection{garamszegi2014multimodel,
  Title                    = {Multimodel-inference in comparative analyses},
  Author                   = {Garamszegi, L{\'a}szl{\'o} Zsolt and Mundry, Roger},
  Booktitle                = {Modern Phylogenetic Comparative Methods and Their
 Application in Evolutionary Biology},
  Publisher                = {Springer},
  Year                     = {2014},
  Pages                    = {305--331}
}

@Article{garland1993phylogenetic,
  Title                    = {Phylogenetic analysis of covariance by computer simulation},
  Author                   = {Garland, Theodore and Dickerman, Allan W and Janis, Christine M and Jones, Jason A},
  Journal                  = {Systematic Biology},
  Year                     = {1993},
  Number                   = {3},
  Pages                    = {265--292},
  Volume                   = {42},

  Publisher                = {Oxford University Press}
}

@Article{garlaschelli_self-organized_2007,
  Title                    = {Self-organized network evolution coupled to extremal
 dynamics},
  Author                   = {Garlaschelli, Diego and Capocci, Andrea and Caldarelli,
 Guido},
  Journal                  = {Nature Physics},
  Year                     = {2007},
  Number                   = {11},
  Pages                    = {813--817},
  Volume                   = {3},

  Copyright                = {2007 Nature Publishing Group},
  Doi                      = {10.1038/nphys729},
  ISSN                     = {1745-2473},
  Language                 = {en},
  Publisher                = {Nature Publishing Group},
  Url                      = {http://www.nature.com/nphys/journal/v3/n11/full/nphys729.html},
  Urldate                  = {2013-01-22}
}

@Article{garroway2008applications,
  Title                    = {Applications of graph theory to landscape genetics},
  Author                   = {Garroway, Colin J and Bowman, Jeff and Carr, Denis and
 Wilson, Paul J},
  Journal                  = {Evolutionary Applications},
  Year                     = {2008},
  Number                   = {4},
  Pages                    = {620--630},
  Volume                   = {1},

  Publisher                = {Wiley Online Library}
}

@Article{gascuel2015ecology,
  Title                    = {How Ecology and Landscape Dynamics Shape Phylogenetic Trees},
  Author                   = {Gascuel, Fanny and Ferri\`{e}re, R\'{e}gis and Aguil\'{e}e, Robin and Lambert, Amaury},
  Journal                  = {Systematic Biology},
  Year                     = {2015},
  Number                   = {4},
  Pages                    = {590--607},
  Volume                   = {64},

  Publisher                = {Oxford University Press}
}

@Article{gaucherel_origins_2012,
  Title                    = {Origins of evolution: non-acquired characters dominates
 over acquired characters in changing environment},
  Author                   = {Gaucherel, Cédric and Jensen, Henrik Jeldtoft},
  Journal                  = {Journal of Theoretical Biology},
  Year                     = {2012},

  Month                    = jul,
  Pages                    = {111--120},
  Volume                   = {304},

  Doi                      = {10.1016/j.jtbi.2012.02.028},
  ISSN                     = {1095-8541},
  Keywords                 = {Acclimatization, Animals, Biogenesis, Biological
 Evolution, Biota, Competitive Behavior, Environment,
 Inheritance Patterns, Models, Genetic, Mutation, Population
 Dynamics, Selection, Genetic},
  Shorttitle               = {Origins of evolution}
}

@Book{Gause1934Struggle,
  Title                    = {The Struggle for Existence},
  Author                   = {Gause, Georgyi Frantsevitch},
  Publisher                = {The Williams \& Wilkins Company},
  Year                     = {1934},

  Address                  = {Baltimore}
}

@Article{gavish2014optimal,
  Title                    = {The optimal hard threshold for singular values is
 $\frac{4}{\sqrt{3}}$},
  Author                   = {Gavish, Matan and Donoho, David L},
  Journal                  = {Information Theory, IEEE Transactions on},
  Year                     = {2014},
  Number                   = {8},
  Pages                    = {5040--5053},
  Volume                   = {60},

  Publisher                = {IEEE}
}

@Article{gavrilets2009adaptive,
  Title                    = {Adaptive radiation: contrasting theory with data},
  Author                   = {Gavrilets, Sergey and Losos, Jonathan B},
  Journal                  = {Science},
  Year                     = {2009},
  Number                   = {5915},
  Pages                    = {732--737},
  Volume                   = {323},

  Publisher                = {American Association for the Advancement of Science}
}

@Article{gerhold2015phylogenetic,
  Title                    = {Phylogenetic patterns are not proxies of community
 assembly mechanisms (they are far better)},
  Author                   = {Gerhold, Pille and Cahill, James F and Winter, Marten and
 Bartish, Igor V and Prinzing, Andreas},
  Journal                  = {Functional Ecology},
  Year                     = {2015},
  Number                   = {5},
  Pages                    = {600--614},
  Volume                   = {29},

  Publisher                = {British Ecological Society}
}

@Article{grady2012robust,
  Title                    = {Robust classification of salient links in complex
 networks},
  Author                   = {Grady, Daniel and Thiemann, Christian and Brockmann,
 Dirk},
  Journal                  = {Nature communications},
  Year                     = {2012},
  Number                    = {864},
  Volume                   = {3},

  Publisher                = {Nature Publishing Group}
}

@Book{grant2011and,
  Title                    = {How and why species multiply: the radiation of Darwin's finches},
  Author                   = {Grant, Peter R and Grant, B Rosemary},
  Publisher                = {Princeton University Press},
  Year                     = {2011}
}

@Article{gravel2010experimental,
  Title                    = {Experimental niche evolution alters the strength of the
 diversity-productivity relationship},
  Author                   = {Gravel, Dominique and Bell, Thomas and Barbera, Claire and
 Bouvier, Thierry and Pommier, Thomas and Venail, Patrick
 and Mouquet, Nicolas},
  Journal                  = {Nature},
  Year                     = {2010},
  Number                   = {7328},
  Pages                    = {89--92},
  Volume                   = {469},

  Publisher                = {Nature Publishing Group}
}

@Article{gravel2013inferring,
  Title                    = {Inferring food web structure from predator--prey body size relationships},
  Author                   = {Gravel, Dominique and Poisot, Timoth{\'e}e and Albouy, Camille and Velez, Laure and Mouillot, David},
  Journal                  = {Methods in Ecology and Evolution},
  Year                     = {2013},
  Number                   = {11},
  Pages                    = {1083--1090},
  Volume                   = {4},

  Publisher                = {British Ecological Society}
}

@Article{grilli2015geometry,
  Title                    = {The geometry of coexistence in large ecosystems},
  Author                   = {Grilli, Jacopo and Adorisio, Matteo and Suweis, Samir and Barab{\'a}s, Gy{\"o}rgy and Banavar, Jayanth R and Allesina, Stefano and Maritan, Amos},
  Journal                  = {arXiv},
  Year                     = {2015},
  Pages                    = {1507.05337},
  Volume                   = {preprint}
}

@Book{grinstead1998introduction,
  Title                    = {Introduction to probability},
  Author                   = {Grinstead, Charles Miller and Snell, James Laurie},
  Publisher                = {American Mathematical Soc.},
  Year                     = {1998}
}

@Article{guill_model_2010,
  Title                    = {A model of large-scale evolution of complex food webs},
  Author                   = {Guill, C.},
  Journal                  = {Mathematical Modelling of Natural Phenomena},
  Year                     = {2010},
  Number                   = {06},
  Pages                    = {139–158},
  Volume                   = {5}
}

@Article{guimera_origin_2010,
  Title                    = {Origin of compartmentalization in food webs},
  Author                   = {Guimera, R. and Stouffer, D. B. and Sales-Pardo, M. and Leicht, E. A. and Newman, M. E. J. and Amaral, L. A. N.},
  Journal                  = {Ecology},
  Year                     = {2010},
  Number                   = {10},
  Pages                    = {2941–2951},
  Volume                   = {91},

  Publisher                = {Ecological Society of America},
  Url                      = {http://www.esajournals.org/doi/pdf/10.1890/09-1175.1},
  Urldate                  = {2013-01-22}
}

@Manual{geometry,
  Title                    = {geometry: Mesh generation and surface tesselation},
  Author                   = {Habel, Kai and Grasman, Raoul and Stahel, Andreas and Stahel, Andreas and Sterratt, David C.},
  Note                     = {version 0.3-5},
  Year                     = {2014},

  Url                      = {http://CRAN.R-project.org/package=geometry}
}

@Article{hackett2008phylogenomic,
  Title                    = {A phylogenomic study of birds reveals their evolutionary history},
  Author                   = {Hackett, Shannon J and Kimball, Rebecca T and Reddy, Sushma and Bowie, Rauri CK and Braun, Edward L and Braun, Michael J and Chojnowski, Jena L and Cox, W Andrew and Han, Kin-Lan and Harshman, John and others},
  Journal                  = {Science},
  Year                     = {2008},
  Number                   = {5884},
  Pages                    = {1763--1768},
  Volume                   = {320},

  Publisher                = {American Association for the Advancement of Science}
}

@Article{Hadfield2014tale,
  Title                    = {A Tale of Two Phylogenies: Comparative Analyses of Ecological Interactions},
  Author                   = {Hadfield, Jarrod D. and Krasnov, Boris R. and Poulin, Robert and Nakagawa, Shinichi},
  Journal                  = {The American Naturalist},
  Year                     = {2014},
  Number                   = {2},
  Pages                    = {174-187},
  Volume                   = {183},

  ISSN                     = {00030147, 15375323},
  Publisher                = {The American Society of Naturalists},
  Url                      = {http://www.jstor.org/stable/10.1086/674445}
}

@Article{hafner1995molecular,
  Title                    = {Molecular phylogenies and host-parasite cospeciation: gophers and lice as a model system},
  Author                   = {Hafner, Mark S and Page, Roderic DM},
  Journal                  = {Philosophical Transactions of the Royal Society B: Biological Sciences},
  Year                     = {1995},
  Number                   = {1327},
  Pages                    = {77--83},
  Volume                   = {349},

  Publisher                = {The Royal Society}
}

@Article{Hall1984Reversing,
  Title                    = {Reversing the Berry-Esséen Inequality},
  Author                   = {Hall, Peter and Barbour, A. D.},
  Journal                  = {Proceedings of the American Mathematical Society},
  Year                     = {1984},
  Number                   = {1},
  Pages                    = {107-110},
  Volume                   = {90},

  ISSN                     = {00029939, 10886826},
  Publisher                = {American Mathematical Society},
  Url                      = {http://www.jstor.org/stable/2044679}
}

@Article{hand2015landscape,
  Title                    = {Landscape community genomics: understanding eco-evolutionary processes in complex environments},
  Author                   = {Hand, Brian K and Lowe, Winsor H and Kovach, Ryan P and Muhlfeld, Clint C and Luikart, Gordon},
  Journal                  = {Trends in Ecology \& Evolution},
  Year                     = {2015},
  Number                   = {3},
  Pages                    = {161--168},
  Volume                   = {30},

  Publisher                = {Elsevier}
}

@Article{hansen1997stabilizing,
  Title                    = {Stabilizing selection and the comparative analysis of adaptation},
  Author                   = {Hansen, Thomas F},
  Journal                  = {Evolution},
  Year                     = {1997},
  Number                   = {5},
  Pages                    = {1341--1351},
  Volume                   = {51},

  Publisher                = {Society for the Study of Evolution}
}

@Article{hansen2008comparative,
  Title                    = {A comparative method for studying adaptation to a randomly evolving environment},
  Author                   = {Hansen, Thomas F and Pienaar, Jason and Orzack, Steven Hecht},
  Journal                  = {Evolution},
  Year                     = {2008},
  Number                   = {8},
  Pages                    = {1965--1977},
  Volume                   = {62},

  Publisher                = {Society for the Study of Evolution}
}

@Article{harary1959status,
  Title                    = {Status and contrastatus},
  Author                   = {Harary, Frank},
  Journal                  = {Sociometry},
  Year                     = {1959},
  Number                   = {1},
  Pages                    = {23--43},
  Volume                   = {22},

  Publisher                = {Americal Sociological Association}
}

@Article{hardin1960competitive,
  Title                    = {The Competitive Exclusion Principle},
  Author                   = {Hardin, Garrett},
  Journal                  = {Science},
  Year                     = {1960},
  Number                   = {3409},
  Pages                    = {1292--1297},
  Volume                   = {131},

  Publisher                = {American Association for the Advancement of Science}
}

@Article{harmon2010early,
  Title                    = {Early bursts of body size and shape evolution are rare in comparative data},
  Author                   = {Harmon, Luke J and Losos, Jonathan B and Jonathan Davies, T and Gillespie, Rosemary G and Gittleman, John L and Bryan Jennings, W and Kozak, Kenneth H and McPeek, Mark A and Moreno-Roark, Franck and Near, Thomas J and others},
  Journal                  = {Evolution},
  Year                     = {2010},
  Number                   = {8},
  Pages                    = {2385--2396},
  Volume                   = {64},

  Publisher                = {Society for the Study of Evolution}
}

@InCollection{slakes,
  Booktitle                = {Dynamic Food Webs: Multispecies Assemblages, Ecosystem Development, and Environmental Change},
  Author                   = {Harper-Smith, Sarah and Berlow, Eric L and Knapp, Roland A and Williams, Richard J and Martinez, Neo D},
  Title                    = {Communicating ecology through food webs: visualizing and quantifying the effects of stocking alpine lakes with trout},
  Editor                   = {de Ruiter, Peter and Wolters, Volkmar and Moore, John C. and Melville-Smith, Kimberly},
  Pages                    = {407--423},
  Publisher                = {Academic Press},
  Year                     = {2005},
  Series                   = {Theoretical Ecology Series}
}

@InCollection{hartmann2007phylogenetic,
  Title                    = {Phylogenetic diversity: from combinatorics to ecology},
  Author                   = {Hartmann, Klaas and Steel, Mike},
  Booktitle                = {Reconstructing evolution: new mathematical and computational approaches},
  Publisher                = {Oxford University Press},
  Year                     = {2007},
  Editor                   = {Gascuel, Olivier and Steel, Mike},
  Pages                    = {171--196}
}

@Article{hartmann2006maximizing,
  Title                    = {Maximizing phylogenetic diversity in biodiversity conservation: greedy solutions to the Noah's Ark problem},
  Author                   = {Hartmann, Klaas and Steel, Mike},
  Journal                  = {Systematic Biology},
  Year                     = {2006},
  Number                   = {4},
  Pages                    = {644--651},
  Volume                   = {55},

  Publisher                = {Oxford University Press}
}

@Book{harvey1991comparative,
  Title                    = {The comparative method in evolutionary biology},
  Author                   = {Harvey, Paul H and Pagel, Mark D and others},
  Publisher                = {Oxford university press Oxford},
  Year                     = {1991},
  Volume                   = {239}
}

@Book{hawksworth1995biodiversity,
  Title                    = {Biodiversity: measurement and estimation},
  Author                   = {Hawksworth, David L.},
  Publisher                = {Springer},
  Year                     = {1995},
  Volume                   = {345}
}

@Article{hechinger2011food,
  Title                    = {Food webs including parasites, biomass, body sizes, and life stages for three California/Baja California estuaries: Ecological Archives E092-066},
  Author                   = {Hechinger, Ryan F and Lafferty, Kevin D and McLaughlin, John P and Fredensborg, Brian L and Huspeni, Todd C and Lorda, Julio and Sandhu, Parwant K and Shaw, Jenny C and Torchin, Mark E and Whitney, Kathleen L and others},
  Journal                  = {Ecology},
  Year                     = {2011},
  Number                   = {3},
  Pages                    = {791--791},
  Volume                   = {92},

  Publisher                = {Ecological Society of America}
}

@Article{higham2007spectral,
  Title                    = {Spectral clustering and its use in bioinformatics},
  Author                   = {Higham, Desmond J and Kalna, Gabriela and Kibble, Milla},
  Journal                  = {Journal of computational and applied mathematics},
  Year                     = {2007},
  Number                   = {1},
  Pages                    = {25--37},
  Volume                   = {204},

  Publisher                = {Elsevier}
}

@Article{Hillebrand2009Biodiversity,
  Title                    = {Biodiversity in a complex world: consolidation and progress in functional biodiversity research},
  Author                   = {Hillebrand, Helmut and Matthiessen, Birte},
  Journal                  = {Ecology Letters},
  Year                     = {2009},
  Number                   = {12},
  Pages                    = {1405--1419},
  Volume                   = {12},

  Doi                      = {10.1111/j.1461-0248.2009.01388.x},
  ISSN                     = {1461-0248},
  Publisher                = {John Wiley \& Sons Ltd/ CNRS},
  Url                      = {http://dx.doi.org/10.1111/j.1461-0248.2009.01388.x}
}

@Article{holland1983stochastic,
  Title                    = {Stochastic blockmodels: First steps},
  Author                   = {Holland, Paul W and Laskey, Kathryn Blackmond and Leinhardt, Samuel},
  Journal                  = {Social networks},
  Year                     = {1983},
  Number                   = {2},
  Pages                    = {109--137},
  Volume                   = {5},

  Publisher                = {Elsevier}
}

@Article{holling1973resilience,
  Title                    = {Resilience and stability of ecological systems},
  Author                   = {Holling, Crawford S},
  Journal                  = {Annual review of ecology and systematics},
  Year                     = {1973},
  Pages                    = {1--23},
  Volume                   = {4},

  Publisher                = {Annual Reviews}
}

@Article{holt1987relation,
  Title                    = {On the relation between niche overlap and competition: the effect of incommensurable niche dimensions},
  Author                   = {Holt, Robert D},
  Journal                  = {Oikos},
  Year                     = {1987},
  Number                   = {1},
  Pages                    = {110--114},
  Volume                   = {48},

  Publisher                = {The Nordic Society Oikos}
}

@Article{huelsenbeck2000accommodating,
  Title                    = {Accommodating phylogenetic uncertainty in evolutionary studies},
  Author                   = {Huelsenbeck, John P and Rannala, Bruce and Masly, John P},
  Journal                  = {Science},
  Year                     = {2000},
  Number                   = {5475},
  Pages                    = {2349--2350},
  Volume                   = {288},

  Publisher                = {American Association for the Advancement of Science}
}

@Article{hunter2008,
  Title                    = {Variances of first passage times in a Markov chain with
 applications to mixing times},
  Author                   = {Jeffrey J. Hunter},
  Journal                  = {Linear Algebra and its Applications},
  Year                     = {2008},
  Number                   = {5–6},
  Pages                    = {1135 - 1162},
  Volume                   = {429},

  Doi                      = {http://dx.doi.org/10.1016/j.laa.2007.06.016},
  ISSN                     = {0024-3795}
}

@Article{hurvich1989regression,
  Title                    = {Regression and time series model selection in small samples},
  Author                   = {Hurvich, Clifford M and Tsai, Chih-Ling},
  Journal                  = {Biometrika},
  Year                     = {1989},
  Number                   = {2},
  Pages                    = {297--307},
  Volume                   = {76},

  Publisher                = {Biometrika Trust}
}

@Book{huson2010phylogenetic,
  Title                    = {Phylogenetic networks},
  Author                   = {Huson, Daniel H and Rupp, Regula and Scornavacca, Celine},
  Publisher                = {Cambridge University Press},
  Year                     = {2010}
}

@Book{hutchinson1965ecological,
  Title                    = {The ecological theater and the evolutionary play},
  Author                   = {Hutchinson, George Evelyn},
  Publisher                = {Yale University Press},
  Year                     = {1965}
}

@Article{hutchinson_concluding_1957,
  Title                    = {{Concluding remarks}},
  Author                   = {Hutchinson, G. Evelyn},
  Journal                  = {Cold Spring Harbor Symposia on Quantitative Biology},
  Year                     = {1957},
  Pages                    = {415--427},
  Volume                   = {22}
}

@Article{ingram2012should,
  Title                    = {When should we expect early bursts of trait evolution in comparative data? Predictions from an evolutionary food web model},
  Author                   = {Ingram, T and Harmon, LJ and Shurin, JB},
  Journal                  = {Journal of Evolutionary Biology},
  Year                     = {2012},
  Number                   = {9},
  Pages                    = {1902--1910},
  Volume                   = {25},

  Publisher                = {Wiley Online Library}
}

@Article{ingram2009niche,
  Title                    = {Niche evolution, trophic structure, and species turnover in model food webs},
  Author                   = {Ingram, Travis and Harmon, Luke J and Shurin, Jonathan B},
  Journal                  = {The American Naturalist},
  Year                     = {2009},
  Number                   = {1},
  Pages                    = {56--67},
  Volume                   = {174},

  Publisher                = {The American Society of Naturalists}
}

@Article{isaac2007mammals,
  Title                    = {Mammals on the EDGE: conservation priorities based on threat and phylogeny},
  Author                   = {Isaac, Nick JB and Turvey, Samuel T and Collen, Ben and Waterman, Carly and Baillie, Jonathan EM},
  Journal                  = {PLoS One},
  Year                     = {2007},
  Number                   = {3},
  Pages                    = {e296},
  Volume                   = {2},

  Publisher                = {Public Library of Science}
}

@Article{ispolatov2016individual,
  Title                    = {Individual-Based models for adaptive diversification in high-dimensional phenotype spaces},
  Author                   = {Ispolatov, Iaroslav and Madhok, Vaibhav and Doebeli, Michael},
  Journal                  = {Journal of Theoretical Biology},
  Year                     = {2016},
  Pages                    = {97--105},
  Volume                   = {390},

  Publisher                = {Elsevier}
}

@Article{ito1944109,
  Title                    = {Stochastic Integral},
  Author                   = {It{\^o}, Kiyosi},
  Journal                  = {Proceedings of the Imperial Academy},
  Year                     = {1944},
  Number                   = {8},
  Pages                    = {519--524},
  Volume                   = {20},

  Publisher                = {The Japanese Academy}
}

@Article{ito2006food,
  Title                    = {Food-web formation with recursive evolutionary branching},
  Author                   = {It{\^o}, Hiroshi C and Ikegami, Takashi},
  Journal                  = {Journal of Theoretical Biology},
  Year                     = {2006},
  Number                   = {1},
  Pages                    = {1--10},
  Volume                   = {238},

  Publisher                = {Elsevier}
}

@Article{ito2009coevolutionary,
  Title                    = {Coevolutionary dynamics of adaptive radiation for food-web development},
  Author                   = {It{\^o}, Hiroshi C and Shimada, Masakazu and Ikegami, Takashi},
  Journal                  = {Population ecology},
  Year                     = {2009},
  Number                   = {1},
  Pages                    = {65--81},
  Volume                   = {51},

  Publisher                = {Springer}
}

@Article{ives_phylogenetic_2006,
  Title                    = {Phylogenetic Analysis of Trophic Associations.},
  Author                   = {Ives, A. R. and Godfray, H. C. J.},
  Journal                  = {The American Naturalist},
  Year                     = {2006},
  Number                   = {1},
  Pages                    = {E1--E14},
  Volume                   = {168},

  Doi                      = {10.1086/505157},
  ISSN                     = {0003-0147},
  Publisher                = {The American Society of Naturalists},
  Url                      = {http://www.jstor.org/stable/10.1086/505157}
}

@Article{ives2007within,
  Title                    = {Within-species variation and measurement error in phylogenetic comparative methods},
  Author                   = {Ives, Anthony R and Midford, Peter E and Garland, Theodore},
  Journal                  = {Systematic Biology},
  Year                     = {2007},
  Number                   = {2},
  Pages                    = {252--270},
  Volume                   = {56},

  Publisher                = {Oxford University Press}
}

@Article{jacob2011role,
  Title                    = {The role of body size in complex food webs: A cold case},
  Author                   = {Jacob, Ute and Thierry, Aaron and Brose, Ulrich and Arntz,
 Wolf E and Berg, Sofia and Brey, Thomas and Fetzer, Ingo
 and Jonsson, Tomas and Mintenbeck, Katja and Mollmann,
 Christian and others},
  Journal                  = {Advances In Ecological Research},
  Year                     = {2011},
  Pages                    = {181--223},
  Volume                   = {45},

  Publisher                = {Elsevier B. V., P. O. Box 211 Amsterdam 1000 AE
 Netherlands}
}

@Article{james2015constructing,
  Title                    = {Constructing Random Matrices to Represent Real Ecosystems},
  Author                   = {James, Alex and Plank, Michael J and Rossberg, Axel G and Beecham, Jonathan and Emmerson, Mark and Pitchford, Jonathan W},
  Journal                  = {The American Naturalist},
  Year                     = {2015},
  Number                   = {5},
  Pages                    = {680--692},
  Volume                   = {185},

  Publisher                = {The American Society of Naturalists}
}

@Article{jennings2002long,
  Title                    = {Long-term trends in the trophic structure of the North Sea
 fish community: evidence from stable-isotope analysis,
 size-spectra and community metrics},
  Author                   = {Jennings, S and Greenstreet, S and Hill, L and Piet, G and
 Pinnegar, J and Warr, KJ},
  Journal                  = {Marine Biology},
  Year                     = {2002},
  Number                   = {6},
  Pages                    = {1085--1097},
  Volume                   = {141},

  Publisher                = {Springer}
}

@Article{jensen_emergence_2008,
  Title                    = {Emergence of network structure in models of collective
 evolution and evolutionary dynamics},
  Author                   = {Jensen, Henrik Jeldtoft},
  Journal                  = {Proceedings of the Royal Society A: Mathematical, Physical
 and Engineering Science},
  Year                     = {2008},

  Month                    = aug,
  Number                   = {2096},
  Pages                    = {2207--2217},
  Volume                   = {464},

  Doi                      = {10.1098/rspa.2008.0032},
  ISSN                     = {1364-5021, 1471-2946},
  Keywords                 = {Degree distribution, dynamics, evolution, Networks},
  Language                 = {en},
  Url                      = {http://rspa.royalsocietypublishing.org/content/464/2096/2207},
  Urldate                  = {2013-01-23}
}

@Article{jetz2012global,
  Title                    = {The global diversity of birds in space and time},
  Author                   = {Jetz, Walter and Thomas, Gavin H and Joy, Jeffrey B and Hartmann, Klaas and Mooers, Arne {\O}},
  Journal                  = {Nature},
  Year                     = {2012},
  Number                   = {7424},
  Pages                    = {444--448},
  Volume                   = {491},

  Publisher                = {Nature Publishing Group}
}

@Article{jetz2014global,
  Title                    = {Global distribution and conservation of evolutionary distinctness in birds},
  Author                   = {Jetz, Walter and Thomas, Gavin H and Joy, Jeffrey B and Redding, David W and Hartmann, Klaas and Mooers, Arne {\O}},
  Journal                  = {Current Biology},
  Year                     = {2014},
  Number                   = {9},
  Pages                    = {919--930},
  Volume                   = {24},

  Publisher                = {Elsevier}
}

@Article{jhwueng2014phylogenetic,
  Title                    = {Phylogenetic Ornstein--Uhlenbeck regression curves},
  Author                   = {Jhwueng, Dwueng-Chwuan and Maroulas, Vasileios},
  Journal                  = {Statistics \& Probability Letters},
  Year                     = {2014},
  Pages                    = {110--117},
  Volume                   = {89},

  Publisher                = {Elsevier}
}

@Book{jolliffe2002principal,
  Title                    = {Principal component analysis},
  Author                   = {Jolliffe, Ian},
  Publisher                = {Wiley Online Library},
  Year                     = {2002}
}

@Article{joly2013species,
  Title                    = {Species radiation by niche shifts in New Zealand's rockcresses (Pachycladon, Brassicaceae)},
  Author                   = {Joly, Simon and Heenan, Peter B and Lockhart, Peter J},
  Journal                  = {Systematic Biology},
  Year                     = {2013},
  Number                   = {2},
  Pages                    = {syt104},
  Volume                   = {63},

  Publisher                = {Oxford University Press}
}

@Article{tlakes,
  Title                    = {Food webs, body size, and species abundance in ecological
 community description},
  Author                   = {Jonsson, Tomas and Cohen, Joel E and Carpenter, Stephen
 R},
  Journal                  = {Advances in ecological research},
  Year                     = {2005},
  Pages                    = {1--84},
  Volume                   = {36},

  Publisher                = {Elsevier}
}

@Article{jordan2009keystone,
  Title                    = {Keystone species and food webs},
  Author                   = {Jord{\'a}n, Ferenc},
  Journal                  = {Philosophical Transactions of the Royal Society B:
 Biological Sciences},
  Year                     = {2009},
  Number                   = {1524},
  Pages                    = {1733--1741},
  Volume                   = {364},

  Publisher                = {The Royal Society}
}

@Article{jordan2006topological,
  Title                    = {Topological keystone species: measures of positional importance in food webs},
  Author                   = {Jord{\'a}n, Ferenc and Liu, {Wei-chung} and Davis, Andrew J},
  Journal                  = {Oikos},
  Year                     = {2006},
  Number                   = {3},
  Pages                    = {535--546},
  Volume                   = {112},

  Publisher                = {The Nordic Society Oikos}
}

@Article{jordan2009trophic,
  Title                    = {Trophic field overlap: a new approach to quantify keystone
 species},
  Author                   = {Jord{\'a}n, Ferenc and Liu, {Wei-chung} and Mike, {\'A}gnes},
  Journal                  = {Ecological Modelling},
  Year                     = {2009},
  Number                   = {21},
  Pages                    = {2899--2907},
  Volume                   = {220},

  Publisher                = {Elsevier}
}

@Article{Kaliontzopoulou2016Phylogenies,
  Title                    = {Phylogenies, the Comparative Method, and the Conflation of Tempo and Mode},
  Author                   = {Kaliontzopoulou, Antigoni and Adams, Dean C.},
  Journal                  = {Systematic Biology},
  Year                     = {2016},

  Month                    = {January},
  Number                   = {1},
  Pages                    = {1--15},
  Volume                   = {65},

  Owner                    = {gvd16},
  Publisher                = {Oxford University Press},
  Timestamp                = {2016.01.11}
}

@Article{Kamilar20120341,
  Title                    = {Phylogenetic signal in primate behaviour, ecology and life history},
  Author                   = {Kamilar, Jason M. and Cooper, Natalie},
  Journal                  = {Philosophical Transactions of the Royal Society of London B: Biological Sciences},
  Year                     = {2013},
  Number                   = {1618},
  Pages                    = {{ }doi: 10.1098/rstb.2012.0341},
  Volume                   = {368},

  Doi                      = {10.1098/rstb.2012.0341},
  ISSN                     = {0962-8436},
  Publisher                = {The Royal Society}
}

@Book{karatzas2012brownian,
  Title                    = {Brownian motion and stochastic calculus},
  Author                   = {Karatzas, Ioannis and Shreve, Steven},
  Publisher                = {Springer Science \& Business Media},
  Year                     = {2012},
  Volume                   = {113}
}

@Article{katz1953new,
  Title                    = {A new status index derived from sociometric analysis},
  Author                   = {Katz, Leo},
  Journal                  = {Psychometrika},
  Year                     = {1953},
  Number                   = {1},
  Pages                    = {39--43},
  Volume                   = {18},

  Publisher                = {Springer}
}

@Article{kawakita2004cospeciation,
  Title                    = {Cospeciation analysis of an obligate pollination mutualism: Haveglochidion trees (euphorbiaceae) and pollinating epicephala moths (gracillariidae) diversified in parallel?},
  Author                   = {Kawakita, Atsushi and Takimura, Atsushi and Terachi, Toru and Sota, Teiji and Kato, Makoto},
  Journal                  = {Evolution},
  Year                     = {2004},
  Number                   = {10},
  Pages                    = {2201--2214},
  Volume                   = {58},

  Publisher                = {Society for the Study of Evolution}
}

@Book{kemeny1960finite,
  Title                    = {Finite markov chains},
  Author                   = {Kemeny, John G and Snell, James Laurie},
  Publisher                = {van Nostrand Princeton, NJ},
  Year                     = {1960},
  Volume                   = {356}
}

@Article{klein2001graph,
  Title                    = {Graph cyclicity, excess conductance, and resistance
 deficit},
  Author                   = {Klein, DJ and Ivanciuc, O},
  Journal                  = {Journal of mathematical chemistry},
  Year                     = {2001},
  Number                   = {3},
  Pages                    = {271--287},
  Volume                   = {30},

  Publisher                = {Springer}
}

@Article{klein1993resistance,
  Title                    = {Resistance distance},
  Author                   = {Klein, Douglas J and Randi{\'c}, M},
  Journal                  = {Journal of Mathematical Chemistry},
  Year                     = {1993},
  Number                   = {1},
  Pages                    = {81--95},
  Volume                   = {12},

  Publisher                = {Springer}
}

@Article{krasnov_phylogenetic_2012,
  Title                    = {Phylogenetic Signal in Module Composition and Species
 Connectivity in Compartmentalized Host-Parasite Networks.},
  Author                   = {Krasnov, B. R. and Fortuna, M. A. and Mouillot, D. and
 Khokhlova, I. S. and Shenbrot, G. I. and Poulin, R.},
  Journal                  = {American Naturalist},
  Year                     = {2012},
  Number                   = {4},
  Pages                    = {501},
  Volume                   = {179},

  Urldate                  = {2013-01-22}
}

@Article{Mills1993Keystone,
  Title                    = {The Keystone-Species Concept in Ecology and Conservation},
  Author                   = {Mills, Scott L. and Soul\'{e}, Michael E. and Doak, Daniel F.},
  Journal                  = {BioScience},
  Year                     = {1993},
  Number                   = {4},
  Pages                    = {219-224},
  Volume                   = {43},

  Publisher                = {Oxford University Press, American Institute of Biological Sciences}
}

@Article{labarbera1989analyzing,
  Title                    = {Analyzing body size as a factor in ecology and evolution},
  Author                   = {LaBarbera, Michael},
  Journal                  = {Annual review of ecology and systematics},
  Year                     = {1989},
  Pages                    = {97--117},
  Volume                   = {20},

  Publisher                = {Annual Reviews}
}

@PhdThesis{Lafferty2015Evolutionary,
  Title                    = {Evolutionary and ecological causes and consequences of trophic niche variation in ursids},
  Author                   = {Lafferty, Diana Jean Raper},
  School                   = {Mississippi State University},
  Year                     = {2015}
}

@Article{lafferty2008parasites,
  Title                    = {Parasites in food webs: the ultimate missing links},
  Author                   = {Lafferty, Kevin D and Allesina, Stefano and Arim, Matias and Briggs, Cherie J and De Leo, Giulio and Dobson, Andrew P and Dunne, Jennifer A and Johnson, Pieter TJ and Kuris, Armand M and Marcogliese, David J and others},
  Journal                  = {Ecology letters},
  Year                     = {2008},
  Number                   = {6},
  Pages                    = {533--546},
  Volume                   = {11},

  Publisher                = {John Wiley \& Sons Ltd/ CNRS}
}

@Article{lafferty2015general,
  Title                    = {A general consumer-resource population model},
  Author                   = {Lafferty, Kevin D and DeLeo, Giulio and Briggs, Cheryl J and Dobson, Andrew P and Gross, Thilo and Kuris, Armand M},
  Journal                  = {Science},
  Year                     = {2015},
  Number                   = {6250},
  Pages                    = {854--857},
  Volume                   = {349},

  Publisher                = {American Association for the Advancement of Science}
}

@Article{lai2012centrality,
  Title                    = {On the centrality and uniqueness of species from the
 network perspective},
  Author                   = {Lai, Shu-Mei and Liu, Wei-Chung and Jord{\'a}n, Ferenc},
  Journal                  = {Biology letters},
  Year                     = {2012},
  Number                   = {4},
  Pages                    = {570--573},
  Volume                   = {8},

  Publisher                = {The Royal Society}
}

@Article{laird_correlation_2007,
  Title                    = {Correlation, selection and the evolution of species
 networks},
  Author                   = {Laird, S. and Jensen, {H.J.}},
  Journal                  = {Ecological Modelling},
  Year                     = {2007},
  Number                   = {2-4},
  Pages                    = {149--156},
  Volume                   = {209},

  Doi                      = {10.1016/j.ecolmodel.2007.06.016},
  ISSN                     = {03043800},
  Keywords                 = {Connectance-species relationship, Degree distribution,
 Evolution and adaptation, Species network},
  Language                 = {English}
}

@Article{laird_tangled_2006,
  Title                    = {The Tangled Nature model with inheritance and constraint:
 Evolutionary ecology restricted by a conserved resource},
  Author                   = {Laird, Simon and Jensen, Henrik Jeldtoft},
  Journal                  = {Ecological Complexity},
  Year                     = {2006},

  Month                    = sep,
  Number                   = {3},
  Pages                    = {253--262},
  Volume                   = {3},

  Doi                      = {10.1016/j.ecocom.2006.06.001},
  ISSN                     = {1476-{945X}},
  Keywords                 = {Bio-diversity, Connectance, Evolutionary ecology, Resource
 constraint, Species degree distribution, Species
 lifetimes},
  Shorttitle               = {The Tangled Nature model with inheritance and constraint},
  Url                      = {http://www.sciencedirect.com/science/article/pii/S1476945X06000468},
  Urldate                  = {2013-01-23}
}

@Article{lara2015niche,
  Title                    = {Niche partitioning among three tree-climbing bird species in subtropical mountain forest sites with different human disturbance},
  Author                   = {Lara, Carlos and P{\'e}rez, Berenice and Castillo-Guevara, Citlalli and Serrano-Meneses, Mart{\'\i}n Alejandro},
  Journal                  = {Zoological Studies},
  Year                     = {2015},
  Number                   = {1},
  Pages                    = {1--7},
  Volume                   = {54},

  Publisher                = {Springer}
}

@Misc{mstream,
  Author                   = {Ledger, M.E. and Edwards, F. and Woodward, G.},
  HowPublished             = {unpublished, see \cite{petchey2008size}},
  Year                     = {unpublished}
}

@Article{lei2014consistency,
  Title                    = {Consistency of spectral clustering in stochastic block models},
  Author                   = {Lei, Jing and Rinaldo, Alessandro and others},
  Journal                  = {The Annals of Statistics},
  Year                     = {2014},
  Number                   = {1},
  Pages                    = {215--237},
  Volume                   = {43},

  Publisher                = {Institute of Mathematical Statistics}
}

@Article{letten2015trees,
  Title                    = {Trees, branches and (square) roots: why evolutionary relatedness is not linearly related to functional distance},
  Author                   = {Letten, Andrew D and Cornwell, William K},
  Journal                  = {Methods in Ecology and Evolution},
  Year                     = {2015},
  Number                   = {4},
  Pages                    = {439--444},
  Volume                   = {6},

  Publisher                = {British Ecological Society}
}

@Article{lewandrowski1999estimating,
  Title                    = {Estimating costs of protecting global ecosystem
 diversity},
  Author                   = {Lewandrowski, J and Darwin, RF and Tsigas, M and Raneses, A},
  Journal                  = {Ecological economics},
  Year                     = {1999},
  Number                   = {1},
  Pages                    = {111--125},
  Volume                   = {29},

  Publisher                = {Elsevier}
}

@Book{lewontin2001triple,
  Title                    = {The triple helix: Gene, organism, and environment},
  Author                   = {Lewontin, Richard C},
  Publisher                = {Harvard University Press},
  Year                     = {2001}
}

@Article{li2011concise,
  Title                    = {Concise formulas for the area and volume of a hyperspherical cap},
  Author                   = {Li, Shengqiao},
  Journal                  = {Asian Journal of Mathematics and Statistics},
  Year                     = {2011},
  Number                   = {1},
  Pages                    = {66--70},
  Volume                   = {4}
}

@Article{lieberman2012adaptive,
  Title                    = {Adaptive radiations in the context of macroevolutionary theory: a paleontological perspective},
  Author                   = {Lieberman, Bruce S},
  Journal                  = {Evolutionary Biology},
  Year                     = {2012},
  Number                   = {2},
  Pages                    = {181--191},
  Volume                   = {39},

  Publisher                = {Springer}
}

@Article{liu2011controllability,
  Title                    = {Controllability of complex networks},
  Author                   = {Liu, Yang-Yu and Slotine, Jean-Jacques and Barab{\'a}si,
 Albert-L{\'a}szl{\'o}},
  Journal                  = {Nature},
  Year                     = {2011},
  Number                   = {7346},
  Pages                    = {167--173},
  Volume                   = {473},

  Publisher                = {Nature Publishing Group}
}

@Article{livi2011identifying,
  Title                    = {Identifying key species in ecosystems with stochastic sensitivity analysis},
  Author                   = {Livi, Carmen Maria and Jord{\'a}n, Ferenc and Lecca, Paola and Okey, Thomas A},
  Journal                  = {Ecological Modelling},
  Year                     = {2011},
  Number                   = {14},
  Pages                    = {2542--2551},
  Volume                   = {222},

  Publisher                = {Elsevier}
}

@InCollection{loeuille2009emergence,
  Booktitle                    = {Community Ecology: Processes, Models, and Applications},
  Author                   = {Loeuille, Nicolas and Loreau, Michel},
  Title                  = {Emergence of complex food web structure in community evolution models},
  Editor                   = {Verhoef, Herman A. and Morin, Peter J.},
  Pages                    = {163--178},
  Publisher                = {Oxford University Press},
  Year                     = {2009},

  Address                  = {Oxford}
}

@Article{losos2011seeing,
  Title                    = {Seeing the forest for the trees: the limitations of phylogenies in comparative biology},
  Author                   = {Losos, Jonathan B},
  Journal                  = {The American Naturalist},
  Year                     = {2011},
  Number                   = {6},
  Pages                    = {709--727},
  Volume                   = {177},

  Publisher                = {The American Society of Naturalists}
}

@Article{losos2008phylogenetic,
  Title                    = {Phylogenetic niche conservatism, phylogenetic signal and the relationship between phylogenetic relatedness and ecological similarity among species},
  Author                   = {Losos, Jonathan B},
  Journal                  = {Ecology letters},
  Year                     = {2008},
  Number                   = {10},
  Pages                    = {995--1003},
  Volume                   = {11},

  Publisher                = {John Wiley \& Sons Ltd/ CNRS}
}

@Article{luczkovich2003defining,
  Title                    = {Defining and measuring trophic role similarity in food
 webs using regular equivalence},
  Author                   = {Luczkovich, Joseph J and Borgatti, Stephen P and Johnson,
 Jeffrey C and Everett, Martin G},
  Journal                  = {Journal of Theoretical Biology},
  Year                     = {2003},
  Number                   = {3},
  Pages                    = {303--321},
  Volume                   = {220},

  Publisher                = {Elsevier}
}

@Article{von2010hitting,
  Title                    = {Hitting and commute times in large graphs are often
 misleading},
  Author                   = {von Luxburg, Ulrike and Radl, Agnes and Hein, Matthias},
  Journal                  = {arXiv},
  Year                     = {2010},
  Pages                    = {1003.1266},
  Volume                   = {preprint}
}

@Article{lyzinski2013perfect,
  Title                    = {Perfect Clustering for Stochastic Blockmodel Graphs via Adjacency Spectral Embedding},
  Author                   = {Lyzinski, Vince and Sussman, Daniel and Tang, Minh and Athreya, Avanti and Priebe, Carey E.},
  Journal                  = {arXiv},
  Year                     = {2013},
  Pages                    = {1310.0532},
  Volume                   = {preprint}
}

@Book{morters2010brownian,
  Title                    = {Brownian motion},
  Author                   = {M{\"o}rters, Peter and Peres, Yuval},
  Publisher                = {Cambridge University Press},
  Year                     = {2010},
  Volume                   = {30}
}

@Article{munkemuller2015phylogenetic,
  Title                    = {Phylogenetic niche conservatism--common pitfalls and ways forward},
  Author                   = {M{\"u}nkem{\"u}ller, Tamara and Boucher, Florian C and Thuiller, Wilfried and Lavergne, S{\'e}bastien},
  Journal                  = {Functional Ecology},
  Year                     = {2015},
  Number                   = {5},
  Pages                    = {627--639},
  Volume                   = {29},

  Publisher                = {British Ecological Society}
}

@Book{macarthur1972geographical,
  Title                    = {Geographical ecology: patterns in the distribution of species},
  Author                   = {MacArthur, Robert H},
  Publisher                = {Princeton University Press},
  Year                     = {1972}
}

@Article{mace2003preserving,
  Title                    = {Preserving the tree of life},
  Author                   = {Mace, Georgina M and Gittleman, John L and Purvis, Andy},
  Journal                  = {Science},
  Year                     = {2003},
  Number                   = {5626},
  Pages                    = {1707--1709},
  Volume                   = {300},

  Publisher                = {American Association for the Advancement of Science}
}

@Article{maire2015many,
  Title                    = {How many dimensions are needed to accurately assess
 functional diversity? A pragmatic approach for assessing
 the quality of functional spaces},
  Author                   = {Maire, Eva and Grenouillet, Ga{\"e}l and Brosse,
 S{\'e}bastien and Vill{\'e}ger, S{\'e}bastien},
  Journal                  = {Global Ecology and Biogeography},
  Year                     = {2015},
  Number                   = {6},
  Pages                    = {728--740},
  Volume                   = {24},

  Publisher                = {Wiley Online Library}
}

@Article{maret1997ecological,
  Title                    = {Ecological origin of morphological diversity: a study of alternative trophic phenotypes in larval salamanders},
  Author                   = {Maret, Timothy J and Collins, James P},
  Journal                  = {Evolution},
  Year                     = {1997},
  Number                   = {13},
  Pages                    = {898--905},
  Volume                   = {5},

  Publisher                = {Society for the Study of Evolution}
}

@Article{martin2010centrality,
  Title                    = {Centrality measures and the importance of generalist
 species in pollination networks},
  Author                   = {Mart{\'\i}n Gonz{\'a}lez, Ana M and Dalsgaard, Bo and
 Olesen, Jens M},
  Journal                  = {Ecological Complexity},
  Year                     = {2010},
  Number                   = {1},
  Pages                    = {36--43},
  Volume                   = {7},

  Publisher                = {Elsevier}
}

@Article{matias2014modeling,
  Title                    = {Modeling heterogeneity in random graphs: a selective
 review},
  Author                   = {Matias, Catherine and Robin, St{\'e}phane},
  Journal                  = {arXiv},
  Year                     = {2014},
  Pages                    = {1402.4296},
  Volume                   = {preprint}
}

@Article{may2009food,
  Title                    = {Food-web assembly and collapse: mathematical models and implications for conservation},
  Author                   = {May, Robert M},
  Journal                  = {Philosophical Transactions of the Royal Society B: Biological Sciences},
  Year                     = {2009},
  Number                   = {1524},
  Pages                    = {1643--1646},
  Volume                   = {364},

  Publisher                = {The Royal Society}
}

@Article{may2006network,
  Title                    = {Network structure and the biology of populations},
  Author                   = {May, Robert M},
  Journal                  = {Trends in Ecology \& Evolution},
  Year                     = {2006},
  Number                   = {7},
  Pages                    = {394--399},
  Volume                   = {21},

  Publisher                = {Elsevier}
}

@Book{maystability1973,
  Title                    = {{Stability and Complexity in Model Ecosystems}},
  Author                   = {May, Robert M.},
  Publisher                = {Princeton University Press},
  Year                     = {1973}
}

@Article{may1972will,
  Title                    = {Will a large complex system be stable?},
  Author                   = {May, Robert M},
  Journal                  = {Nature},
  Year                     = {1972},
  Pages                    = {413--414},
  Volume                   = {238},

  Publisher                = {Nature Publishing Group}
}

@Article{may1971stability,
  Title                    = {Stability in multispecies community models},
  Author                   = {May, Robert M},
  Journal                  = {Mathematical Biosciences},
  Year                     = {1971},
  Number                   = {1},
  Pages                    = {59--79},
  Volume                   = {12},

  Publisher                = {Elsevier}
}

@Book{mayr1963animal,
  Title                    = {Animal species and evolution},
  Author                   = {Mayr, Ernst and Mayr, Ernst and Mayr, Ernst and Mayr, Ernst},
  Publisher                = {Belknap Press of Harvard University Press Cambridge, Massachusetts},
  Year                     = {1963},
  Volume                   = {797}
}

@InCollection{mckane_models_2005,
  Booktitle                = {Ecological networks: linking structure to dynamics in food webs},
  Author                   = {{McKane}, Alan J. and Drossel, Barbara},
  Title                    = {Models of food web evolution},
  Editor                   = {Pascual, Mercedes and Dunne, Jennifer A.},
  Pages                    = {223--243},
  Publisher                = {oxford University Press},
  Year                     = {2006},
  Series                   = {Santa Fe Institute Studies on the Sciences of Complexity},

  Urldate                  = {2013-01-24}
}

@Article{melian2011eco,
  Title                    = {Eco-evolutionary dynamics of individual-based food webs},
  Author                   = {Meli\'{a}n, Carlos J and Vilas, C\'{e}sar and Bald\'{o}, Francisco and Gonz\'{a}lez-Orteg\'{o}n, Enrique and Drake, Pilar and Williams, Richard J},
  Journal                  = {Advances in Ecological Research},
  Year                     = {2011},
  Pages                    = {225--268},
  Volume                   = {45},

  Publisher                = {Academic Press}
}

@Article{broom,
  Title                    = {Predators, parasitoids and pathogens: species richness,
 trophic generality and body sizes in a natural food web},
  Author                   = {Memmott, J and Martinez, ND and Cohen, JE},
  Journal                  = {Journal of Animal Ecology},
  Year                     = {2000},
  Number                   = {1},
  Pages                    = {1--15},
  Volume                   = {69},

  Publisher                = {British Ecological Society}
}

@Article{miklos_randomization_2004,
  Title                    = {Randomization of Presence-Absence Matrices: Comments and
 New Algorithms},
  Author                   = {Miklós, I. and Podani, J.},
  Journal                  = {Ecology},
  Year                     = {2004},
  Number                   = {1},
  Pages                    = {86--92},
  Volume                   = {85},

  Doi                      = {10.2307/3450469},
  Publisher                = {Ecological Society of America},
  Url                      = {http://www.jstor.org/stable/3450469},
  Urldate                  = {2013-01-22}
}

@Article{milo_uniform_2003,
  Title                    = {On the uniform generation of random graphs with prescribed degree sequences},
  Author                   = {Milo, R. and Kashtan, N. and Itzkovitz, S. and Newman, M.
 E. J. and Alon, U.},
  Journal                  = {arXiv},
  Year                     = {2003},
  Pages                    = {cond-mat/0312028},
  Volume                   = {preprint}
}

@Article{miranda2015congruence,
  Title                    = {Congruence between species phylogenetic and trophic
 distinctiveness},
  Author                   = {Miranda, M and Parrini, F},
  Journal                  = {Biodiversity and Conservation},
  Year                     = {2015},
  Number                   = {2},
  Pages                    = {355--369},
  Volume                   = {24},

  Publisher                = {Springer}
}

@Article{mittelbach2015ecological,
  Title                    = {Ecological and evolutionary perspectives on community assembly},
  Author                   = {Mittelbach, Gary G and Schemske, Douglas W},
  Journal                  = {Trends in Ecology \& Evolution},
  Year                     = {2015},
  Number                   = {5},
  Pages                    = {241--247},
  Volume                   = {30},

  Publisher                = {Elsevier}
}

@Article{morowitz1980dimensionality,
  Title                    = {The dimensionality of niche space},
  Author                   = {Morowitz, Harold J},
  Journal                  = {Journal of Theoretical Biology},
  Year                     = {1980},
  Number                   = {2},
  Pages                    = {259--263},
  Volume                   = {86},

  Publisher                = {Elsevier}
}

@Misc{morrison2009phylohistory,
  Title                    = {An outline history of phylogenetic trees and networks},

  Author                   = {Morrison, David},
  HowPublished             = {\url{http://phylonetworks.blogspot.co.nz/2014/11/an-outline-history-of-phylogenetic.html}},
  Note                     = {Accessed: 2014-12-02},
  Year                     = {2014},

  Journal                  = {The Genealogical World of Phylogenetic Networks},
  Number                   = {November 26},
  Type                     = {Blog}
}

@Article{moulton2007optimizing,
  Title                    = {Optimizing phylogenetic diversity under constraints},
  Author                   = {Moulton, Vincent and Semple, Charles and Steel, Mike},
  Journal                  = {Journal of Theoretical Biology},
  Year                     = {2007},
  Number                   = {1},
  Pages                    = {186--194},
  Volume                   = {246},

  Publisher                = {Elsevier}
}

@Article{mouquet2012ecophylogenetics,
  Title                    = {Ecophylogenetics: advances and perspectives},
  Author                   = {Mouquet, Nicolas and Devictor, Vincent and Meynard,
 Christine N and Munoz, Fran{\c{c}}ois and Bersier,
 Louis-F{\'e}lix and Chave, J{\'e}r{\^o}me and Couteron,
 Pierre and Dalecky, Ambroise and Fontaine, Colin and
 Gravel, Dominique and others},
  Journal                  = {Biological reviews},
  Year                     = {2012},
  Number                   = {4},
  Pages                    = {769--785},
  Volume                   = {87},

  Publisher                = {Wiley Online Library}
}

@Article{mullon2009minimal,
  Title                    = {A minimal model of the variability of marine ecosystems},
  Author                   = {Mullon, Christian and Fr{\'e}on, Pierre and Cury, Philippe
 and Shannon, Lynne and Roy, Claude},
  Journal                  = {Fish and Fisheries},
  Year                     = {2009},
  Number                   = {2},
  Pages                    = {115--131},
  Volume                   = {10},

  Publisher                = {Wiley Online Library}
}

@Article{mullon_neats:_2009,
  Title                    = {{NEATS:} A Network Economics Approach to Trophic Systems},
  Author                   = {Mullon, Christian and Shin, Yunne and Cury, Philippe},
  Journal                  = {Ecological Modelling},
  Year                     = {2009},

  Month                    = nov,
  Number                   = {21},
  Pages                    = {3033--3045},
  Volume                   = {220},

  Doi                      = {10.1016/j.ecolmodel.2009.02.008},
  ISSN                     = {0304-3800},
  Keywords                 = {Economic equilibrium, food web, Marine ecosystem,
 Variational inequality},
  Shorttitle               = {Selected Papers from the Sixth European Conference on
 Ecological Modelling - {ECEM} '07, on Challenges for
 ecological modelling in a changing world: Global Changes,
 Sustainability and Ecosystem Based Management, November
 27-30, 2007, Trieste, Italy},
  Url                      = {http://www.sciencedirect.com/science/article/pii/S0304380009000891},
  Urldate                  = {2013-01-22}
}

@Article{nadarajah2008exact,
  Title                    = {Exact distribution of the max/min of two Gaussian random variables},
  Author                   = {Nadarajah, Saralees and Kotz, Samuel},
  Journal                  = {Very Large Scale Integration (VLSI) Systems, IEEE Transactions on},
  Year                     = {2008},
  Number                   = {2},
  Pages                    = {210--212},
  Volume                   = {16},

  Publisher                = {IEEE}
}

@Article{nagurney_dynamics_2012,
  Title                    = {Dynamics and equilibria of ecological predator–prey
 networks as nature’s supply chains},
  Author                   = {Nagurney, Anna and Nagurney, Ladimer S.},
  Journal                  = {Transportation Research Part E: Logistics and
 Transportation Review},
  Year                     = {2012},

  Month                    = jan,
  Number                   = {1},
  Pages                    = {89--99},
  Volume                   = {48},

  Doi                      = {10.1016/j.tre.2011.07.007},
  ISSN                     = {1366-5545},
  Keywords                 = {Fisheries, food webs, Predator–prey models, Projected
 dynamical systems, Supply chains, Transportation and
 logistics, Variational inequalities},
  Shorttitle               = {Select Papers from the 19th International Symposium on
 Transportation and Traffic Theory},
  Url                      = {http://www.sciencedirect.com/science/article/pii/S1366554511001025},
  Urldate                  = {2013-01-22}
}

@Article{naisbit2011phylogenetic,
  Title                    = {Phylogenetic signal in predator-prey body-size relationships},
  Author                   = {Naisbit, Russell E and Kehrli, Patrik and Rohr, Rudolf P and Bersier, Louis-F{\'e}lix},
  Journal                  = {Ecology},
  Year                     = {2011},
  Number                   = {12},
  Pages                    = {2183--2189},
  Volume                   = {92},

  Publisher                = {Ecological Society of America}
}

@Article{naisbit_phylogeny_2012,
  Title                    = {Phylogeny versus body size as determinants of food web structure},
  Author                   = {Naisbit, Russell E. and Rohr, Rudolf P. and Rossberg, Axel G. and Kehrli, Patrik and Bersier, Louis-Félix},
  Journal                  = {Proceedings of the Royal Society B: Biological Sciences},
  Year                     = {2012},

  Month                    = aug,
  Number                   = {1741},
  Pages                    = {3291--3297},
  Volume                   = {279},

  Doi                      = {10.1098/rspb.2012.0327},
  ISSN                     = {0962-8452, 1471-2954},
  Keywords                 = {body mass, ecological network, food web, path analysis, phylogenetic constraints, trophic structure},
  Language                 = {en},
  Url                      = {http://rspb.royalsocietypublishing.org/content/279/1741/3291},
  Urldate                  = {2013-01-18}
}

@Article{nehring_modelling_2004,
  Title                    = {Modelling phylogenetic diversity},
  Author                   = {Nehring, Klaus and Puppe, Clemens},
  Journal                  = {Resource and Energy Economics},
  Year                     = {2004},

  Month                    = jun,
  Number                   = {2},
  Pages                    = {205--235},
  Volume                   = {26},

  Doi                      = {10.1016/j.reseneeco.2003.11.008},
  ISSN                     = {0928-7655},
  Keywords                 = {biodiversity, Cladistic model, Dissimilarity,
 Multi-attribute model, Phylogenetic diversity},
  Url                      = {http://www.sciencedirect.com/science/article/pii/S0928765503000769},
  Urldate                  = {2013-01-22}
}

@Article{nehring_theory_2002,
  Title                    = {A Theory of Diversity},
  Author                   = {Nehring, Klaus and Puppe, Clemens},
  Journal                  = {Econometrica},
  Year                     = {2002},
  Number                   = {3},
  Pages                    = {1155–1198},
  Volume                   = {70},

  Copyright                = {The Econometric Society 2002},
  Doi                      = {10.1111/1468-0262.00321},
  ISSN                     = {1468-0262},
  Keywords                 = {conjugate Moebius inversion, diversity, endangered
 species, similarity},
  Language                 = {en},
  Url                      = {http://onlinelibrary.wiley.com/doi/10.1111/1468-0262.00321/abstract},
  Urldate                  = {2013-01-22}
}

@Article{neubert1997alternatives,
  Title                    = {Alternatives to resilience for measuring the responses of ecological systems to perturbations},
  Author                   = {Neubert, Michael G and Caswell, Hal},
  Journal                  = {Ecology},
  Year                     = {1997},
  Number                   = {3},
  Pages                    = {653--665},
  Volume                   = {78},

  Publisher                = {Ecological Society of America}
}

@Book{newman2009networks,
  Title                    = {Networks: an introduction},
  Author                   = {Newman, Mark},
  Publisher                = {Oxford University Press},
  Year                     = {2009}
}

@Article{newman2001scientific,
  Title                    = {Scientific collaboration networks. II. Shortest paths,
 weighted networks, and centrality},
  Author                   = {Newman, Mark EJ},
  Journal                  = {Physical review E},
  Year                     = {2001},
  Number                   = {1},
  Pages                    = {016132},
  Volume                   = {64},

  Publisher                = {APS}
}

@PhdThesis{nickel2007random,
  Title                    = {Random dot product graphs: A model for social networks},
  Author                   = {Nickel, Christine Leigh Myers},
  School                   = {The Johns Hopkins University},
  Year                     = {2007},

  Number                   = {04},
  Volume                   = {68}
}

@Article{noh2004random,
  Title                    = {Random walks on complex networks},
  Author                   = {Noh, Jae Dong and Rieger, Heiko},
  Journal                  = {Physical review letters},
  Year                     = {2004},
  Number                   = {11},
  Pages                    = {118701},
  Volume                   = {92},

  Publisher                = {APS}
}

@Book{nosil2012ecological,
  Title                    = {Ecological speciation},
  Author                   = {Nosil, Patrik},
  Publisher                = {Oxford University Press},
  Year                     = {2012}
}

@Article{nosil2006experimental,
  Title                    = {Experimental evidence that predation promotes divergence in adaptive radiation},
  Author                   = {Nosil, Patrik and Crespi, Bernard J},
  Journal                  = {Proceedings of the National Academy of Sciences},
  Year                     = {2006},
  Number                   = {24},
  Pages                    = {9090--9095},
  Volume                   = {103},

  Publisher                = {National Academy of Sciences}
}

@Article{nuismer2015predicting,
  Title                    = {Predicting rates of interspecific interaction from phylogenetic trees},
  Author                   = {Nuismer, Scott L and Harmon, Luke J},
  Journal                  = {Ecology letters},
  Year                     = {2015},
  Number                   = {1},
  Pages                    = {17--27},
  Volume                   = {18},

  Publisher                = {John Wiley \& Sons Ltd/ CNRS}
}

@Article{o2010loss,
  Title                    = {Loss of functionally unique species may gradually
 undermine ecosystems},
  Author                   = {O'Gorman, Eoin J and Yearsley, Jon M and Crowe, Tasman P
 and Emmerson, Mark C and Jacob, Ute and Petchey, Owen L},
  Journal                  = {Proceedings of the Royal Society of London B: Biological Sciences},
  Year                     = {2010},
  Number                   = {1713},
  Pages                    = {{ }doi: 10.1098/rspb.2010.2036},
  Volume                   = {278},

  Publisher                = {The Royal Society}
}

@InCollection{o2014modelling,
  Title                    = {Modelling Stabilizing Selection: The Attraction of Ornstein--Uhlenbeck Models},
  Author                   = {O'Meara, Brian C and Beaulieu, Jeremy M},
  Booktitle                = {Modern Phylogenetic Comparative Methods and Their Application in Evolutionary Biology},
  Publisher                = {Springer},
  Year                     = {2014},
  Pages                    = {381--393}
}

@Book{odling2003niche,
  Title                    = {Niche construction: the neglected process in evolution},
  Author                   = {Odling-Smee, F John and Laland, Kevin N and Feldman, Marcus W},
  Publisher                = {Princeton University Press},
  Year                     = {2003},
  Number                   = {37},
  Series                   = {Monographs in Population Biology}
}

@Article{odling2013niche,
  Title                    = {Niche construction theory: a practical guide for ecologists},
  Author                   = {Odling-Smee, John and Erwin, Douglas H and Palkovacs, Eric P and Feldman, Marcus W and Laland, Kevin N},
  Journal                  = {The Quarterly review of biology},
  Year                     = {2013},
  Number                   = {1},
  Pages                    = {3--28},
  Volume                   = {88},

  Publisher                = {The University of Chicago Press}
}

@Manual{vegan,
  Title                    = {vegan: Community Ecology Package},
  Author                   = {Oksanen, Jari and Blanchet, F. Guillaume and Kindt, Roeland and Legendre, Pierre and Minchin, Peter R. and O'Hara, R. B. and Simpson, Gavin L. and Solymos, Peter and Stevens, M. Henry H. and Wagner, Helene},
  Note                     = {version 2.2-1},
  Year                     = {2015},

  Url                      = {http://CRAN.R-project.org/package=vegan}
}

@Book{opitz1996trophic,
  Title                    = {Trophic interactions in Caribbean coral reefs},
  Author                   = {Opitz, Silvia},
  Publisher                = {International Center for Living Aquatic Resources},
  Year                     = {1996},

  Address                  = {Manila, Philippines},
  Series                   = {The WorldFish Center Working Papers}
}

@Article{opsahl2010node,
  Title                    = {Node centrality in weighted networks: Generalizing degree
 and shortest paths},
  Author                   = {Opsahl, Tore and Agneessens, Filip and Skvoretz, John},
  Journal                  = {Social Networks},
  Year                     = {2010},
  Number                   = {3},
  Pages                    = {245--251},
  Volume                   = {32},

  Publisher                = {Elsevier}
}

@Article{osborne2000genetic,
  Title                    = {Genetic distinctness of isolated populations of an
 endangered marsupial, the mountain pygmy-possum, Burramys
 parvus},
  Author                   = {Osborne, Megan Jane and Norman, JA and Christidis, L and
 Murray, ND},
  Journal                  = {Molecular Ecology},
  Year                     = {2000},
  Number                   = {5},
  Pages                    = {609--613},
  Volume                   = {9},

  Publisher                = {Wiley Online Library}
}

@Article{otto2007allometric,
  Title                    = {Allometric degree distributions facilitate food-web
 stability},
  Author                   = {Otto, Sonja B. and Rall, Bj{\"o}rn C. and Brose, Ulrich},
  Journal                  = {Nature},
  Year                     = {2007},
  Number                   = {7173},
  Pages                    = {1226--1229},
  Volume                   = {450},

  Publisher                = {Nature Publishing Group}
}

@Book{page2003tangled,
  Title                    = {Tangled trees: phylogeny, cospeciation, and coevolution},
  Author                   = {Page, Roderic DM},
  Publisher                = {University of Chicago Press},
  Year                     = {2003}
}

@Article{pagel1999inferring,
  Title                    = {Inferring the historical patterns of biological evolution},
  Author                   = {Pagel, Mark D.},
  Journal                  = {Nature},
  Year                     = {1999},
  Number                   = {6756},
  Pages                    = {877--884},
  Volume                   = {401},

  Publisher                = {Nature Publishing Group}
}

@Article{pagel1992method,
  Title                    = {A method for the analysis of comparative data},
  Author                   = {Pagel, Mark D.},
  Journal                  = {Journal of Theoretical Biology},
  Year                     = {1992},
  Number                   = {4},
  Pages                    = {431--442},
  Volume                   = {156},

  Publisher                = {Elsevier}
}

@Article{Paine1980Food,
  Title                    = {Food Webs: Linkage, Interaction Strength and Community Infrastructure},
  Author                   = {R. T. Paine},
  Journal                  = {Journal of Animal Ecology},
  Year                     = {1980},
  Number                   = {3},
  Pages                    = {667-685},
  Volume                   = {49},

  ISSN                     = {00218790, 13652656},
  Publisher                = {British Ecological Society},
  Url                      = {http://www.jstor.org/stable/4220}
}

@Article{paine1966food,
  Title                    = {Food web complexity and species diversity},
  Author                   = {Paine, Robert T},
  Journal                  = {The American Naturalist},
  Year                     = {1966},

  Month                    = {January-February},
  Number                   = {910},
  Pages                    = {65--75},
  Volume                   = {100},

  Publisher                = {ThThe American Society of Naturalists}
}

@Article{palamara_population_2011,
  Title                    = {Population dynamics on complex food webs},
  Author                   = {Palamara, Gian Marco and Zlatić, Vinko and Scala, Antonio
 and Caldarelli, Guido},
  Journal                  = {Advances in Complex Systems},
  Year                     = {2011},

  Month                    = aug,
  Number                   = {04},
  Pages                    = {635--647},
  Volume                   = {14},

  Doi                      = {10.1142/S0219525911003116},
  ISSN                     = {0219-5259, 1793-6802},
  Url                      = {http://www.worldscientific.com/doi/abs/10.1142/S0219525911003116},
  Urldate                  = {2013-01-22}
}

@Article{parr2006ethan,
  Title                    = {ETHAN: the Evolutionary Trees and Natural History Ontology},
  Author                   = {Parr, Cynthia S. and Sachs, Joel and Parafiynyk, Andriy and Wang, Taowei and Espinosa, Roger and Finin, T},
  Journal                  = {Computer Science and Electrical Engineering.},
  Year                     = {2006},
  Number                   = {--},
  Pages                    = {--},
  Volume                   = {--},

  Publisher                = {Citeseer}
}

@Book{pascual_ecological_2005,
  Title                    = {Ecological Networks: Linking Structure to Dynamics in Food Webs},
  Author                   = {Pascual, Mercedes and Dunne, Jennifer A.},
  Publisher                = {Oxford University Press},
  Year                     = {2005},
  Month                    = {November},

  ISBN                     = {9780199884919},
  Language                 = {en}
}

@Article{pauly2000ecopath,
  Title                    = {Ecopath, Ecosim, and Ecospace as tools for evaluating ecosystem impact of fisheries},
  Author                   = {Pauly, Daniel and Christensen, Villy and Walters, Carl},
  Journal                  = {ICES Journal of Marine Science: Journal du Conseil},
  Year                     = {2000},
  Number                   = {3},
  Pages                    = {697--706},
  Volume                   = {57},

  Publisher                = {Oxford University Press}
}

@Article{pearman2014phylogenetic,
  Title                    = {Phylogenetic patterns of climatic, habitat and trophic niches in a European avian assemblage},
  Author                   = {Pearman, Peter B and Lavergne, S{\'e}bastien and Roquet, Cristina and W{\"u}est, Rafael and Zimmermann, Niklaus E and Thuiller, Wilfried},
  Journal                  = {Global ecology and biogeography},
  Year                     = {2014},
  Number                   = {4},
  Pages                    = {414--424},
  Volume                   = {23},

  Publisher                = {Wiley Online Library}
}

@Article{pearse2014beyond,
  Title                    = {Beyond the EDGE with EDAM: Prioritising British Plant Species According to Evolutionary Distinctiveness, and Accuracy and Magnitude of Decline.},
  Author                   = {Pearse, WD and Chase, MW and Crawley, MJ and Dolphin, K and Fay, MF and Joseph, JA and Powney, G and Preston, CD and Rapacciuolo, G and Roy, DB and others},
  Journal                  = {PloS one},
  Year                     = {2014},
  Number                   = {5},
  Pages                    = {e0126524--e0126524},
  Volume                   = {10},

  Publisher                = {Public Library of Science}
}

@Article{pennell2014geiger,
  Title                    = {geiger v2. 0: an expanded suite of methods for fitting macroevolutionary models to phylogenetic trees},
  Author                   = {Pennell, Matthew W and Eastman, Jonathan M and Slater, Graham J and Brown, Joseph W and Uyeda, Josef C and FitzJohn, Richard G and Alfaro, Michael E and Harmon, Luke J},
  Journal                  = {Bioinformatics},
  Year                     = {2014},
  Number                   = {15},
  Pages                    = {2216--2218},
  Volume                   = {30},

  Publisher                = {Oxford University Press}
}

@Article{Pennell2015Model,
  Title                    = {Model Adequacy and the Macroevolution of Angiosperm Functional Traits},
  Author                   = {Pennell, Matthew W. and FitzJohn,Richard G. and Cornwell, William K. and Harmon, Luke J.},
  Journal                  = {The American Naturalist},
  Year                     = {2015},
  Number                   = {2},
  Pages                    = {E33-E50},
  Volume                   = {186},

  ISSN                     = {00030147, 15375323},
  Publisher                = {The American Society of Naturalists},
  Url                      = {http://www.jstor.org/stable/10.1086/682022}
}

@Book{penrose2003random,
  Title                    = {Random geometric graphs},
  Author                   = {Penrose, Mathew},
  Publisher                = {Oxford University Press Oxford},
  Year                     = {2003},
Series = {Oxford Studies in Probability},
  Volume                   = {5}
}

@Article{petchey2008size,
  Title                    = {Size, foraging, and food web structure},
  Author                   = {Petchey, Owen L and Beckerman, Andrew P and Riede, Jens O
 and Warren, Philip H},
  Journal                  = {Proceedings of the National Academy of Sciences},
  Year                     = {2008},
  Number                   = {11},
  Pages                    = {4191--4196},
  Volume                   = {105},

  Publisher                = {National Acad Sciences}
}

@Article{petchey2008trophically,
  Title                    = {Trophically unique species are vulnerable to cascading
 extinction},
  Author                   = {Petchey, Owen L and Ekl{\"o}f, Anna and Borrvall,
 Charlotte and Ebenman, Bo},
  Journal                  = {The American Naturalist},
  Year                     = {2008},
  Number                   = {5},
  Pages                    = {568--579},
  Volume                   = {171},

  Publisher                = {The American Society of Naturalists}
}

@Article{petchey2006functional,
  Title                    = {Functional diversity: back to basics and looking forward},
  Author                   = {Petchey, Owen L. and Gaston, Kevin J.},
  Journal                  = {Ecology letters},
  Year                     = {2006},
  Number                   = {6},
  Pages                    = {741--758},
  Volume                   = {9},

  Publisher                = {John Wiley \& Sons Ltd/ CNRS}
}

@Article{peterson_its_2013,
  Title                    = {It's a Wonderful Gift},
  Author                   = {Peterson, Rolf O.},
  Journal                  = {Science},
  Year                     = {2013},

  Month                    = jan,
  Number                   = {6116},
  Pages                    = {142--143},
  Volume                   = {339},

  Doi                      = {10.1126/science.1232024},
  ISSN                     = {0036-8075, 1095-9203},
  Language                 = {en},
  Url                      = {http://www.sciencemag.org/content/339/6116/142},
  Urldate                  = {2013-01-22}
}



@InCollection{pianka1981competition,
  Booktitle                = {Theoretical Ecology: Principle and Applications},
  Author                   = {Pianka, Eric R},
  Title                    = {Competition and niche theory},
  Editor                   = {May, Robert M.},
  Pages                    = {167--196},
  Publisher                = {Blackwell Publishing Ltd},
  Year                     = {1981}
}

@Article{pimm1984complexity,
  Title                    = {The complexity and stability of ecosystems},
  Author                   = {Pimm, Stuart L},
  Journal                  = {Nature},
  Year                     = {1984},
  Number                   = {5949},
  Pages                    = {321--326},
  Volume                   = {307},

  Publisher                = {Nature Publishing Group}
}

@Article{plitzko_complexitystability_2012,
  Title                    = {Complexity–stability relations in generalized food-web models with realistic parameters},
  Author                   = {Plitzko, Sebastian J. and Drossel, Barbara and Guill, Christian},
  Journal                  = {Journal of Theoretical Biology},
  Year                     = {2012},

  Month                    = aug,
  Number                   = {0},
  Pages                    = {7--14},
  Volume                   = {306},

  Publisher                = {Elsevier},
  Urldate                  = {2013-01-24}
}

@Article{pocock2012robustness,
  Title                    = {The robustness and restoration of a network of ecological networks},
  Author                   = {Pocock, Michael JO and Evans, Darren M and Memmott, Jane},
  Journal                  = {Science},
  Year                     = {2012},
  Number                   = {6071},
  Pages                    = {973--977},
  Volume                   = {335},

  Publisher                = {American Association for the Advancement of Science}
}

@InCollection{poisot201523,
  Booktitle                = {Parasite Diversity and Diversification: Evolutionary Ecology Meets Phylogenetics},
  Author                   = {Poisot, Timoth\'{e}e},
  Title                    = {When is co-phylogeny evidence of coevolution?},
  Editor                   = {Morand, Serge and Krasnov, Boris R. and Littlewood, D. Timothy},
  Pages                    = {420--433},
  Publisher                = {Cambridge University Press},
  Year                     = {2015}
}

@Article{poisot2015beyond,
  Title                    = {Beyond species: why ecological interaction networks vary through space and time},
  Author                   = {Poisot, Timoth{\'e}e and Stouffer, Daniel B and Gravel, Dominique},
  Journal                  = {Oikos},
  Year                     = {2015},
  Number                   = {3},
  Pages                    = {243--251},
  Volume                   = {124},

  Publisher                = {The Nordic Society Oikos}
}

@Article{poisot2014mangal,
  Title                    = {mangal-making ecological network analysis simpler},
  Author                   = {Poisot, Timoth{\'e}e E and Baiser, Benjamin and Dunne, Jennifer A and K{\'e}fi, Sonia and Massol, Francois and Mouquet, Nicolas and Romanuk, Tamara N and Stouffer, Daniel B and Wood, Spencer A and Gravel, Dominique},
  Journal                  = {Ecography},
  Year                     = {2015},
  Pages                    = {{ }doi: 10.1111/ecog.00976},
  Volume                   = {in press},

  Publisher                = {The Nordic Society Oikos}
}

@Article{post2009eco,
  Title                    = {Eco-evolutionary feedbacks in community and ecosystem ecology: interactions between the ecological theatre and the evolutionary play},
  Author                   = {Post, David M and Palkovacs, Eric P},
  Journal                  = {Philosophical Transactions of the Royal Society B: Biological Sciences},
  Year                     = {2009},
  Number                   = {1523},
  Pages                    = {1629--1640},
  Volume                   = {364},

  Publisher                = {The Royal Society}
}

@Article{post1983community,
  Title                    = {Community assembly and food web stability},
  Author                   = {Post, W. M. and Pimm, S. L.},
  Journal                  = {Mathematical Biosciences},
  Year                     = {1983},
  Number                   = {2},
  Pages                    = {169--192},
  Volume                   = {64},

  Publisher                = {Elsevier}
}

@Article{powell_comparison_2009,
  Title                    = {Comparison of food webs constructed by evolution and by
 immigration},
  Author                   = {Powell, Craig R. and {McKane}, Alan J.},
  Journal                  = {Ecological Complexity},
  Year                     = {2009},

  Month                    = sep,
  Number                   = {3},
  Pages                    = {316--327},
  Volume                   = {6},

  Doi                      = {10.1016/j.ecocom.2009.01.002},
  ISSN                     = {1476-{945X}},
  Keywords                 = {food webs, Individual-based model, Species–area
 relation, Trophic levels},
  Shorttitle               = {Special Section: Fractal Modeling and Scaling in Natural
 Systems},
  Url                      = {http://www.sciencedirect.com/science/article/pii/S1476945X09000026},
  Urldate                  = {2013-01-24}
}

@Article{prill2005dynamic,
  Title                    = {Dynamic properties of network motifs contribute to
 biological network organization},
  Author                   = {Prill, Robert J and Iglesias, Pablo A and Levchenko,
 Andre},
  Journal                  = {PLoS biology},
  Year                     = {2005},
  Number                   = {11},
  Pages                    = {e343},
  Volume                   = {3},

  Publisher                = {Public Library of Science}
}

@Article{proulx2005network,
  Title                    = {Network thinking in ecology and evolution},
  Author                   = {Proulx, Stephen R and Promislow, Daniel EL and Phillips,
 Patrick C},
  Journal                  = {Trends in Ecology \& Evolution},
  Year                     = {2005},
  Number                   = {6},
  Pages                    = {345--353},
  Volume                   = {20},

  Publisher                = {Elsevier}
}

@Article{quince_topological_2005,
  Title                    = {Topological structure and interaction strengths in model
 food webs},
  Author                   = {Quince, Christopher and Higgs, Paul G. and {McKane}, Alan
 J.},
  Journal                  = {Ecological Modelling},
  Year                     = {2005},

  Month                    = oct,
  Number                   = {4},
  Pages                    = {389--412},
  Volume                   = {187},

  Doi                      = {10.1016/j.ecolmodel.2004.12.018},
  ISSN                     = {0304-3800},
  Keywords                 = {Coevolutionary model, food webs, Interaction strengths,
 Multispecies communities, Weak links},
  Url                      = {http://www.sciencedirect.com/science/article/pii/S0304380005001031},
  Urldate                  = {2013-01-22}
}

@Manual{r,
  Title                    = {R: A Language and Environment for Statistical Computing},

  Address                  = {Vienna, Austria},
  Author                   = {{R Core Team}},
  Organization             = {R Foundation for Statistical Computing},
  Year                     = {2013},

  Note                      = {http://www.R-project.org/}
}

@Article{rangel2015phylogenetic,
  Title                    = {Phylogenetic uncertainty revisited: Implications for ecological analyses},
  Author                   = {Rangel, Thiago F and Colwell, Robert K and Graves, Gary R and Fu{\v{c}}{\'\i}kov{\'a}, Karolina and Rahbek, Carsten and Diniz-Filho, Jos{\'e} Alexandre F},
  Journal                  = {Evolution},
  Year                     = {2015},
  Number                   = {5},
  Pages                    = {1301--1312},
  Volume                   = {69},

  Publisher                = {Society for the Study of Evolution}
}

@InCollection{raup1984evolutionary,
  Title                    = {Evolutionary radiations and extinctions},
  Author                   = {Raup, DM},
  Booktitle                = {Patterns of Change in Earth Evolution},
  Publisher                = {Springer},
  Year                     = {1984},
  Pages                    = {5--14}
}

@Article{real1996probabilistic,
  Title                    = {The probabilistic basis of Jaccard's index of similarity},
  Author                   = {Real, Raimundo and Vargas, Juan M},
  Journal                  = {Systematic Biology},
  Year                     = {1996},
  Number                   = {3},
  Pages                    = {380--385},
  Volume                   = {45},

  Publisher                = {Oxford University Press}
}

@Article{redding2006incorporating,
  Title                    = {Incorporating evolutionary measures into conservation
 prioritization},
  Author                   = {Redding, David W and Mooers, Arne {\O}},
  Journal                  = {Conservation Biology},
  Year                     = {2006},
  Number                   = {6},
  Pages                    = {1670--1678},
  Volume                   = {20},

  Publisher                = {Wiley Online Library}
}

@Article{refregier2008cophylogeny,
  Title                    = {Cophylogeny of the anther smut fungi and their caryophyllaceous hosts: prevalence of host shifts and importance of delimiting parasite species for inferring cospeciation},
  Author                   = {Refr{\'e}gier, Guislaine and Le Gac, Micka{\"e}l and Jabbour, Florian and Widmer, Alex and Shykoff, Jacqui A and Yockteng, Roxana and Hood, Michael E and Giraud, Tatiana},
  Journal                  = {BMC Evolutionary Biology},
  Year                     = {2008},
  Number                   = {1},
  Pages                    = {100},
  Volume                   = {8},

  Publisher                = {BioMed Central Ltd}
}

@Article{reuman2009allometry,
  Title                    = {Allometry of body size and abundance in 166 food webs},
  Author                   = {Reuman, Daniel C and Mulder, Christian and Bana{\v{s}}ek-Richter, Carolin and Blandenier, Marie-France Cattin and Breure, Anton M and Den Hollander, Henri and Kneitel, Jamie M and Raffaelli, Dave and Woodward, Guy and Cohen, Joel E},
  Journal                  = {Advances in Ecological Research},
  Year                     = {2009},
  Pages                    = {1--44},
  Volume                   = {41},

  Publisher                = {Academic Press}
}

@Article{phytools,
  Title                    = {phytools: An R package for phylogenetic comparative biology (and other things).},
  Author                   = {Liam J. Revell},
  Journal                  = {Methods in Ecology and Evolution},
  Year                     = {2012},
  Pages                    = {217-223},
  Volume                   = {3},

  Publisher                = {British Ecological Society}
}

@Article{revell2008phylogenetic,
  Title                    = {Phylogenetic signal, evolutionary process, and rate},
  Author                   = {Revell, Liam J and Harmon, Luke J and Collar, David C},
  Journal                  = {Systematic Biology},
  Year                     = {2008},
  Number                   = {4},
  Pages                    = {591--601},
  Volume                   = {57},

  Publisher                = {Oxford University Press}
}

@Article{rezende2009compartments,
  Title                    = {Compartments in a marine food web associated with
 phylogeny, body mass, and habitat structure},
  Author                   = {Rezende, Enrico L and Albert, Eva M and Fortuna, Miguel A
 and Bascompte, Jordi},
  Journal                  = {Ecology Letters},
  Year                     = {2009},
  Number                   = {8},
  Pages                    = {779--788},
  Volume                   = {12},

  Publisher                = {John Wiley \& Sons Ltd/ CNRS}
}

@Article{rip_experimental_2010,
  Title                    = {An experimental test of a fundamental food web motif},
  Author                   = {Rip, Jason M. K. and {McCann}, Kevin S. and Lynn, Denis H.
 and Fawcett, Sonia},
  Journal                  = {Proceedings of the Royal Society B: Biological Sciences},
  Year                     = {2010},

  Month                    = jun,
  Number                   = {1688},
  Pages                    = {1743--1749},
  Volume                   = {277},

  Doi                      = {10.1098/rspb.2009.2191},
  ISSN                     = {0962-8452, 1471-2954},
  Keywords                 = {interaction strength, module, motif, stability, Weak
 interactions},
  Language                 = {en},
  Url                      = {http://rspb.royalsocietypublishing.org/content/277/1688/1743},
  Urldate                  = {2013-01-22}
}

@Article{rohe2011spectral,
  Title                    = {Spectral clustering and the high-dimensional stochastic blockmodel},
  Author                   = {Rohe, Karl and Chatterjee, Sourav and Yu, Bin},
  Journal                  = {The Annals of Statistics},
  Year                     = {2011},
  Number                   = {4},
  Pages                    = {1878--1915},
  Volume                   = {39},

  Publisher                = {Institute of Mathematical Statistics}
}

@Article{rohr2014components,
  Title                    = {Components of Phylogenetic Signal in Antagonistic and
 Mutualistic Networks},
  Author                   = {Rohr, Rudolf P and Bascompte, Jordi},
  Journal                  = {The American Naturalist},
  Year                     = {2014},
  Number                   = {5},
  Pages                    = {556--564},
  Volume                   = {184},

  Publisher                = {The American Society of Naturalists}
}

@Article{rohr2013matching,
  Title                    = {Matching-centrality decomposition and the forecasting of
 new links in networks},
  Author                   = {Rohr, Rudolf P and Naisbit, Russel E and Mazza, Christian
 and Bersier, Louix-F{\'e}lix},
  Journal                  = {arXiv},
  Year                     = {2013},
  Pages                    = {1310.4633},
  Volume                   = {preprint}
}

@Article{Rohr25072014,
  Title                    = {On the structural stability of mutualistic systems},
  Author                   = {Rohr, Rudolf P. and Saavedra, Serguei and Bascompte, Jordi},
  Journal                  = {Science},
  Year                     = {2014},
  Number                   = {6195},
  Pages                    = {1253497 - 1--9},
  Volume                   = {345},

  Publisher                = {American Association for the Advancement of Science}
}

@Article{rohr2010modeling,
  Title                    = {Modeling food webs: exploring unexplained structure using
 latent traits},
  Author                   = {Rohr, Rudolf Philippe and Scherer, Heike and Kehrli,
 Patrik and Mazza, Christian and Bersier, Louis-F{\'e}lix},
  Journal                  = {The American Naturalist},
  Year                     = {2010},
  Number                   = {2},
  Pages                    = {170--177},
  Volume                   = {176},

  Publisher                = {The American Society of Naturalists}
}

@InCollection{roopnarine_networks_2010,
  Booktitle                = {Quantitative methods in paleobiology},
  Author                   = {Roopnarine, Peter D.},
  Title                    = {Networks, extinction, and palecommunity food webs},
  Editor                   = {Alroy, John and Hunt, Gene},
  Pages                    = {143–161},
  Publisher                = {Paleontological Society},
  Year                     = {2010},
  Series                   = {The Paleontological Society Papers},
  Volume                   = {16}
}

@Article{roopnarine_red_2012,
  Title                    = {Red queen for a day: models of symmetry and selection in
 paleoecology},
  Author                   = {Roopnarine, Peter D.},
  Journal                  = {Evolutionary Ecology},
  Year                     = {2012},

  Month                    = jan,
  Number                   = {1},
  Pages                    = {1--10},
  Volume                   = {26},

  Doi                      = {10.1007/s10682-011-9494-6},
  ISSN                     = {0269-7653, 1573-8477},
  Keywords                 = {{CEG}, Community selection, evolutionary biology, food
 webs, Human Genetics, Neutral theory, Phanerozoic
 diversity, Plant Sciences, Red queen},
  Language                 = {en},
  Shorttitle               = {Red queen for a day},
  Url                      = {http://link.springer.com/article/10.1007/s10682-011-9494-6},
  Urldate                  = {2013-01-18}
}

@Article{roopnarine_detailed_2013,
  Title                    = {Detailed Food Web Networks of Three Greater Antillean
 Coral Reef Systems: The Cayman Islands, Cuba, and Jamaica},
  Author                   = {Roopnarine, Peter D. and Hertog, Rachel},
  Journal                  = {Dataset Papers in Ecology},
  Year                     = {2013},
  Pages                    = {1--9},
  Volume                   = {2013},

  Doi                      = {10.7167/2013/857470},
  ISSN                     = {2090-9322},
  Shorttitle               = {Detailed Food Web Networks of Three Greater Antillean
 Coral Reef Systems},
  Url                      = {http://www.datasets.com/journals/ecology/2013/857470/},
  Urldate                  = {2013-01-18}
}

@Article{rosindell2010protracted,
  Title                    = {Protracted speciation revitalizes the neutral theory of biodiversity},
  Author                   = {Rosindell, James and Cornell, Stephen J and Hubbell, Stephen P and Etienne, Rampal S},
  Journal                  = {Ecology Letters},
  Year                     = {2010},
  Number                   = {6},
  Pages                    = {716--727},
  Volume                   = {13},

  Publisher                = {John Wiley \& Sons Ltd/ CNRS}
}

@Article{rosindell2015unifying,
  Title                    = {Unifying ecology and macroevolution with individual-based theory},
  Author                   = {Rosindell, James and Harmon, Luke J and Etienne, Rampal S},
  Journal                  = {Ecology letters},
  Year                     = {2015},
  Number                   = {5},
  Pages                    = {472--482},
  Volume                   = {18},

  Publisher                = {John Wiley \& Sons Ltd/ CNRS}
}

@Article{rosindell2012case,
  Title                    = {The case for ecological neutral theory},
  Author                   = {Rosindell, James and Hubbell, Stephen P and He, Fangliang and Harmon, Luke J and Etienne, Rampal S},
  Journal                  = {Trends in Ecology \& Evolution},
  Year                     = {2012},
  Number                   = {4},
  Pages                    = {203--208},
  Volume                   = {27},

  Publisher                = {Elsevier}
}

@Book{rossberg2013food,
  Title                    = {Food webs and biodiversity: foundations, models, data},
  Author                   = {Rossberg, Axel G},
  Publisher                = {John Wiley \& Sons},
  Year                     = {2013}
}

@Article{rossberg_partwhole_2008,
  Title                    = {Part–whole relations between food webs and the validity of local food-web descriptions},
  Author                   = {Rossberg, Axel G},
  Journal                  = {Ecological Complexity},
  Year                     = {2008},

  Month                    = jun,
  Number                   = {2},
  Pages                    = {121--131},
  Volume                   = {5},

  Doi                      = {10.1016/j.ecocom.2008.02.003},
  ISSN                     = {1476-{945X}},
  Keywords                 = {Coalescence, evolution, food webs, Networks, Spatial
 scale},
  Shorttitle               = {Current Food-Web Theory},
  Url                      = {http://www.sciencedirect.com/science/article/pii/S1476945X0800010X},
  Urldate                  = {2013-01-23}
}

@Article{rossberg2010food,
  Title                    = {Food-web structure in low-and high-dimensional trophic niche spaces},
  Author                   = {Rossberg, Axel G. and Br{\"a}nnstr{\"o}m, {\AA}ke and
 Dieckmann, Ulf},
  Journal                  = {Journal of The Royal Society Interface},
  Year                     = {2010},
  Number                   = {53},
  Pages                    = {1735--1743},
  Volume                   = {7},

  Publisher                = {The Royal Society}
}

@Article{rossberg2010trophic,
  Title                    = {How trophic interaction strength depends on traits},
  Author                   = {Rossberg, Axel G. and Br{\"a}nnstr{\"o}m, {\AA}ke and Dieckmann, Ulf},
  Journal                  = {Theoretical Ecology},
  Year                     = {2010},
  Number                   = {1},
  Pages                    = {13--24},
  Volume                   = {3},

  Publisher                = {Springer}
}

@Article{rossberg_top-down_2008,
  Title                    = {The top-down mechanism for body mass abundance scaling},
  Author                   = {Rossberg, Axel G. and Ishii, R. and Amemiya, T. and Itoh, K.},
  Journal                  = {Ecology},
  Year                     = {2008},

  Month                    = feb,
  Number                   = {2},
  Pages                    = {567--580},
  Volume                   = {89},

  Doi                      = {10.1890/07-0124.1},
  Publisher                = {Ecological Society of America},
  Url                      = {http://www.esajournals.org/doi/abs/10.1890/07-0124.1},
  Urldate                  = {2013-01-23}
}

@Article{rossberg2006food,
  Title                    = {Food webs: experts consuming families of experts},
  Author                   = {Rossberg, Axel G. and Matsuda, H and Amemiya, T and Itoh,
 K},
  Journal                  = {Journal of Theoretical Biology},
  Year                     = {2006},
  Number                   = {3},
  Pages                    = {552--563},
  Volume                   = {241},

  Publisher                = {Elsevier}
}

@Article{rossberg2006some,
  Title                    = {Some properties of the speciation model for food-web
 structure—mechanisms for degree distributions and
 intervality},
  Author                   = {Rossberg, Axel G. and Matsuda, H and Amemiya, T and Itoh, K},
  Journal                  = {Journal of Theoretical Biology},
  Year                     = {2006},
  Number                   = {2},
  Pages                    = {401--415},
  Volume                   = {238},

  Publisher                = {Elsevier}
}

@Article{rossberg_explanatory_2005,
  Title                    = {An explanatory model for food-web structure and
 evolution},
  Author                   = {Rossberg, Axel G and Matsuda, H. and Amemiya, T. and Itoh,
 K.},
  Journal                  = {Ecological Complexity},
  Year                     = {2005},

  Month                    = sep,
  Number                   = {3},
  Pages                    = {312--321},
  Volume                   = {2},

  Doi                      = {10.1016/j.ecocom.2005.04.007},
  ISSN                     = {1476-{945X}},
  Keywords                 = {evolution, food webs, Model validation, Networks},
  Publisher                = {Elsevier},
  Url                      = {http://www.sciencedirect.com/science/article/pii/S1476945X05000292},
  Urldate                  = {2013-01-23}
}

@Article{saterberg2013high,
  Title                    = {High frequency of functional extinctions in ecological networks},
  Author                   = {S{\"a}terberg, Torbj{\"o}rn and Sellman, Stefan and Ebenman, Bo},
  Journal                  = {Nature},
  Year                     = {2013},
  Number                   = {7459},
  Pages                    = {468--470},
  Volume                   = {499},

  Publisher                = {Nature Publishing Group}
}

@Article{saavedra2015seasonal,
  Title                    = {Seasonal species interactions minimize the impact of species turnover on the likelihood of community persistence},
  Author                   = {Saavedra, Serguei and Rohr, Rudolf Philippe and Fortuna, Miguel and Selva, Nuria and Bascompte, Jordi},
  Journal                  = {Ecology},
  Year                     = {2015},
  Pages                    = {{ }doi: 10.1890/15-1013.1},
  Volume                   = {in press},

  Publisher                = {Ecological Society of America}
}

@Article{sale1974overlap,
  Title                    = {Overlap in resource use, and interspecific competition},
  Author                   = {Sale, Peter F},
  Journal                  = {Oecologia},
  Year                     = {1974},
  Number                   = {3},
  Pages                    = {245--256},
  Volume                   = {17},

  Publisher                = {Springer}
}

@TechReport{sanderson2010armadillo,
  Title                    = {Armadillo: An open source C++ linear algebra library for fast prototyping and computationally intensive experiments},
  Author                   = {Sanderson, Conrad and others},
  Institution              = {NICTA},
  Year                     = {2010},

  Address                  = {Australia},

  Volume                   = {2}
}

@Article{sauve2015plants,
  Title                    = {How plants connect pollination and herbivory networks and their contribution to community stability},
  Author                   = {Sauve, Alix Marianne Carine and Th{\'e}bault, Elisa and Pocock, Michael JO and Fontaine, Colin},
  Journal                  = {Ecology},
  Year                     = {2015},
  Pages                    = {{ }doi: 10.1890/15-0132.1},
  Volume                   = {in press},

  Publisher                = {Ecological Society of America}
}

@Article{schaffer1981ecological,
  Title                    = {Ecological Abstraction: The Consequences of Reduced Dimensionality in Ecological Models},
  Author                   = {Schaffer, William M.},
  Journal                  = {Ecological Monographs},
  Year                     = {1981},
  Number                   = {4},
  Pages                    = {384-401},
  Volume                   = {51},

  Publisher                = {Ecological Society of America}
}

@Article{scheinerman2010modeling,
  Title                    = {Modeling graphs using dot product representations},
  Author                   = {Scheinerman, Edward R and Tucker, Kimberly},
  Journal                  = {Computational Statistics},
  Year                     = {2010},
  Number                   = {1},
  Pages                    = {1--16},
  Volume                   = {25},

  Publisher                = {Springer}
}

@Book{schmidt1984scaling,
  Title                    = {Scaling: why is animal size so important?},
  Author                   = {Schmidt-Nielsen, Knut},
  Publisher                = {Cambridge University Press},
  Year                     = {1984}
}

@Article{schoener2011newest,
  Title                    = {The newest synthesis: understanding the interplay of
 evolutionary and ecological dynamics},
  Author                   = {Schoener, Thomas W},
  Journal                  = {Science},
  Year                     = {2011},
  Number                   = {6016},
  Pages                    = {426--429},
  Volume                   = {331},

  Publisher                = {American Association for the Advancement of Science}
}

@Book{semple2003phylogenetics,
  Title                    = {Phylogenetics},
  Author                   = {Semple, Charles and Steel, Mike},
  Publisher                = {Oxford University Press},
  Year                     = {2003}
}

@Article{silvertown2001phylogeny,
  Title                    = {Phylogeny and the niche structure of meadow plant communities},
  Author                   = {Silvertown, Jonathan and Dodd, Mike and Gowing, David},
  Journal                  = {Journal of Ecology},
  Year                     = {2001},
  Number                   = {3},
  Pages                    = {428--435},
  Volume                   = {89},

  Publisher                = {Wiley Online Library}
}

@Article{silvestro2015measurement,
  Title                    = {Measurement errors should always be incorporated in phylogenetic comparative analysis},
  Author                   = {Silvestro, Daniele and Kostikova, Anna and Litsios, Glenn and Pearman, Peter B and Salamin, Nicolas},
  Journal                  = {Methods in Ecology and Evolution},
  Year                     = {2015},
  Number                   = {3},
  Pages                    = {340--346},
  Volume                   = {6},

  Publisher                = {British Ecological Society}
}

@Book{slobodkin1980growth,
  Title                    = {Growth and regulation of animal populations},
  Author                   = {Slobodkin, Lawrence B},
  Publisher                = {Dover Publications},
  Year                     = {1980}
}

@Book{smith2013animal,
  Title                    = {Animal body size: linking pattern and process across space, time, and taxonomic group},
  Author                   = {Smith, Felisa A and Lyons, S Kathleen},
  Publisher                = {University of Chicago Press},
  Year                     = {2013}
}

@Book{sole2006self,
  Title                    = {Self--Organization in Complex Ecosystems},
  Author                   = {Sol{\'e}, Ricard V and Bascompte, Jordi},
  Publisher                = {Princeton University Press},
  Year                     = {2006},
  Series                   = {Monographs in Population Biology},
  Volume                   = {42}
}

@Article{sole2001complexity,
  Title                    = {Complexity and fragility in ecological networks},
  Author                   = {Sole, Ricard V and Montoya, M{\textordfeminine}},
  Journal                  = {Proceedings of the Royal Society of London. Series B:
 Biological Sciences},
  Year                     = {2001},
  Number                   = {1480},
  Pages                    = {2039--2045},
  Volume                   = {268},

  Publisher                = {The Royal Society}
}

@Article{srivastava_phylogenetic_2012,
  Title                    = {Phylogenetic diversity and the functioning of ecosystems},
  Author                   = {Srivastava, Diane S. and Cadotte, Marc W. and {MacDonald},
 A. Andrew M. and Marushia, Robin G. and Mirotchnick,
 Nicholas},
  Journal                  = {Ecology Letters},
  Year                     = {2012},
  Number                   = {7},
  Pages                    = {637–648},
  Volume                   = {15},

  Copyright                = {John Wiley \& Sons Ltd/ CNRS},
  Doi                      = {10.1111/j.1461-0248.2012.01795.x},
  ISSN                     = {1461-0248},
  Language                 = {en},
  Url                      = {http://onlinelibrary.wiley.com/doi/10.1111/j.1461-0248.2012.01795.x/abstract},
  Urldate                  = {2013-01-23}
}

@Article{steel2009markovian,
  Title                    = {Markovian log-supermodularity, and its applications in
 phylogenetics},
  Author                   = {Steel, Mike and Faller, Be{\'a}ta},
  Journal                  = {Applied Mathematics Letters},
  Year                     = {2009},
  Number                   = {7},
  Pages                    = {1141--1144},
  Volume                   = {22},

  Publisher                = {Elsevier}
}

@Article{stephenson1989rethinking,
  Title                    = {Rethinking centrality: Methods and examples},
  Author                   = {Stephenson, Karen and Zelen, Marvin},
  Journal                  = {Social Networks},
  Year                     = {1989},
  Number                   = {1},
  Pages                    = {1--37},
  Volume                   = {11},

  Publisher                = {Elsevier}
}

@Book{stewart2009probability,
  Title                    = {Probability, Markov chains, queues, and simulation: the mathematical basis of performance modeling},
  Author                   = {Stewart, William J},
  Publisher                = {Princeton University Press},
  Year                     = {2009}
}

@Article{stouffer_scaling_2010,
  Title                    = {Scaling from individuals to networks in food webs},
  Author                   = {Stouffer, Daniel B.},
  Journal                  = {Functional Ecology},
  Year                     = {2010},
  Number                   = {1},
  Pages                    = {44–51},
  Volume                   = {24},

  Doi                      = {10.1111/j.1365-2435.2009.01644.x},
  Publisher                = {British Ecological Society}
}

@Article{stouffer2011compartmentalization,
  Title                    = {Compartmentalization increases food-web persistence},
  Author                   = {Stouffer, Daniel B and Bascompte, Jordi},
  Journal                  = {Proceedings of the National Academy of Sciences},
  Year                     = {2011},
  Number                   = {9},
  Pages                    = {3648--3652},
  Volume                   = {108},

  Publisher                = {National Academy of Sciences}
}

@Article{stouffer2006pnas,
  Title                    = {A robust measure of food web intervality},
  Author                   = {Stouffer, Daniel B and Camacho, Juan and Amaral, Lu{\'\i}s
 A Nunes},
  Journal                  = {Proceedings of the National Academy of Sciences},
  Year                     = {2006},
  Number                   = {50},
  Pages                    = {19015--19020},
  Volume                   = {103},

  Publisher                = {National Academy of Sciences}
}

@Article{stouffer2005quantitative,
  Title                    = {Quantitative patterns in the structure of model and empirical food webs},
  Author                   = {Stouffer, Daniel B. and Camacho, Juan and Guimera, R. and Ng, C. A. and Nunes Amaral, Lu{\'\i}s A.},
  Journal                  = {Ecology},
  Year                     = {2005},
  Number                   = {5},
  Pages                    = {1301--1311},
  Volume                   = {86},

  Publisher                = {Ecological Society of America}
}

@Article{stouffer2007evidence,
  Title                    = {Evidence for the existence of a robust pattern of prey selection in food webs},
  Author                   = {Stouffer, Daniel B and Camacho, Juan and Jiang, Wenxin and Amaral, Lu{\'\i}s A Nunes},
  Journal                  = {Proceedings of the Royal Society B: Biological Sciences},
  Year                     = {2007},
  Number                   = {1621},
  Pages                    = {1931--1940},
  Volume                   = {274},

  Publisher                = {The Royal Society}
}

@InCollection{stouffer_ideas_2009,
  Title                    = {Ideas for moving beyond structure to dynamics of ecological networks},
  Author                   = {Stouffer, Daniel B. and Fortuna, Miguel A. and Bascompte, Jordi},
  Booktitle                = {Handbook on Biological Networks},
  Publisher                = {World Scientific Publishing Company},
  Year                     = {2008},
  Editor                   = {Boccaletti, Stefano and Latora, Vitestroo and Moreno, Yamir},
  Pages                    = {307–328}
}

@Article{stouffer2011jae,
  Title                    = {The role of body mass in diet contiguity and food-web structure},
  Author                   = {Stouffer, Daniel B and Rezende, Enrico L and Amaral, Lu{\'\i}s A Nunes},
  Journal                  = {Journal of Animal Ecology},
  Year                     = {2011},
  Number                   = {3},
  Pages                    = {632--639},
  Volume                   = {80},

  Publisher                = {British Ecological Society}
}

@Article{stouffer2012evolutionary,
  Title                    = {Evolutionary conservation of species’ roles in food webs},
  Author                   = {Stouffer, Daniel B and Sales-Pardo, Marta and Sirer, M Irmak and Bascompte, Jordi},
  Journal                  = {Science},
  Year                     = {2012},
  Number                   = {6075},
  Pages                    = {1489--1492},
  Volume                   = {335},

  Publisher                = {American Association for the Advancement of Science}
}

@Book{stroustrup1995c++,
  Title                    = {The C++ programming language},
  Author                   = {Stroustrup, Bjarne and others},
  Publisher                = {Pearson Education India},
  Year                     = {1995}
}

@Article{stuart2013ecological,
  Title                    = {Ecological character displacement: glass half full or half empty?},
  Author                   = {Stuart, Yoel E and Losos, Jonathan B},
  Journal                  = {Trends in Ecology \& Evolution},
  Year                     = {2013},
  Number                   = {7},
  Pages                    = {402--408},
  Volume                   = {28},

  Publisher                = {Elsevier}
}

@Article{sussman2012consistent,
  Title                    = {A consistent adjacency spectral embedding for stochastic blockmodel graphs},
  Author                   = {Sussman, Daniel L and Tang, Minh and Fishkind, Donniell E and Priebe, Carey E},
  Journal                  = {Journal of the American Statistical Association},
  Year                     = {2012},
  Number                   = {499},
  Pages                    = {1119--1128},
  Volume                   = {107},

  Publisher                = {American Statistical Association}
}

@Article{sussman2014consistent,
  Title                    = {Consistent latent position estimation and vertex classification for random dot product graphs},
  Author                   = {Sussman, Daniel L and Tang, Minh and Priebe, Carey E},
  Journal                  = {Pattern Analysis and Machine Intelligence, IEEE Transactions on},
  Year                     = {2014},
  Number                   = {1},
  Pages                    = {48--57},
  Volume                   = {36},

  Publisher                = {IEEE}
}

@Article{takahashi2013abrupt,
  Title                    = {Abrupt community transitions and cyclic evolutionary dynamics in complex food webs},
  Author                   = {Takahashi, Daisuke and Br{\"a}nnstr{\"o}m, {\AA}ke and Mazzucco, Rupert and Yamauchi, Atsushi and Dieckmann, Ulf},
  Journal                  = {Journal of Theoretical Biology},
  Year                     = {2013},
  Pages                    = {181--189},
  Volume                   = {337},

  Publisher                = {Elsevier}
}

@Article{takahashi_cyclic_2011,
  Title                    = {Cyclic transitions in simulated food-web evolution},
  Author                   = {Takahashi, Daisuke and Brännström, Åke and Mazzucco,
 Rupert and Yamauchi, Atsushi and Dieckmann, Ulf},
  Journal                  = {Journal of Plant Interactions},
  Year                     = {2011},
  Number                   = {2-3},
  Pages                    = {181--182},
  Volume                   = {6},

  Doi                      = {10.1080/17429145.2011.552794},
  ISSN                     = {1742-9145},
  Publisher                = {Taylor \& Francis},
  Url                      = {http://www.tandfonline.com/doi/abs/10.1080/17429145.2011.552794},
  Urldate                  = {2013-01-24}
}

@Article{tang2013universally,
  Title                    = {Universally consistent vertex classification for latent
 positions graphs},
  Author                   = {Tang, Minh and Sussman, Daniel L and Priebe, Carey E and
 others},
  Journal                  = {The Annals of Statistics},
  Year                     = {2013},
  Number                   = {3},
  Pages                    = {1406--1430},
  Volume                   = {41},

  Publisher                = {Institute of Mathematical Statistics}
}

@TechReport{team2012r,
  Title                    = {R: A Language and Environment for Statistical Computing. R
 Foundation for Statistical Computing, Vienna, Austria,
 2007},
  Author                   = {Team, RDevelopmentCore},
  Institution              = {ISBN 3-900051-07-0},
  Year                     = {2012}
}

@Article{Gavin2012MOTMOT,
  Title                    = {MOTMOT: models of trait macroevolution on trees},
  Author                   = {Thomas, Gavin H. and Freckleton, Robert P.},
  Journal                  = {Methods in Ecology and Evolution},
  Year                     = {2012},
  Number                   = {1},
  Pages                    = {145--151},
  Volume                   = {3},

  Doi                      = {10.1111/j.2041-210X.2011.00132.x},
  ISSN                     = {2041-210X},
  Keywords                 = {comparative analysis, evolutionary biology, macroevolution},
  Publisher                = {British Ecological Society},
  Url                      = {http://dx.doi.org/10.1111/j.2041-210X.2011.00132.x}
}

@Book{thompson2013relentless,
  Title                    = {Relentless evolution},
  Author                   = {Thompson, John N},
  Publisher                = {The University of Chicago Press},
  Year                     = {2013}
}

@Book{thompson2005geographic,
  Title                    = {The geographic mosaic of coevolution},
  Author                   = {Thompson, John N},
  Publisher                = {The University of Chicago Press},
  Year                     = {2005}
}

@Book{thompson1994coevolutionary,
  Title                    = {The Coevolutionary Process},
  Author                   = {Thompson, John N},
  Publisher                = {The University of Chicago Press},
  Year                     = {1994}
}

@Article{thompson_food_2012,
  Title                    = {Food webs: reconciling the structure and function of
 biodiversity},
  Author                   = {Thompson, Ross M. and Brose, Ulrich and Dunne, Jennifer A.
 and Hall Jr., Robert O. and Hladyz, Sally and Kitching,
 Roger L. and Martinez, Neo D. and Rantala, Heidi and
 Romanuk, Tamara N. and Stouffer, Daniel B. and Tylianakis,
 Jason M.},
  Journal                  = {Trends in Ecology \& Evolution},
  Year                     = {2012},

  Month                    = dec,
  Number                   = {12},
  Pages                    = {689--697},
  Volume                   = {27},

  Doi                      = {10.1016/j.tree.2012.08.005},
  ISSN                     = {0169-5347},
  Publisher                = {Elsevier},
  Shorttitle               = {Food webs},
  Url                      = {http://www.sciencedirect.com/science/article/pii/S0169534712002005},
  Urldate                  = {2013-01-22}
}

@Article{uyeda2015comparative,
  Title                    = {Comparative analysis of principal components can be misleading},
  Author                   = {Uyeda, Josef C and Caetano, Daniel S and Pennell, Matthew W},
  Journal                  = {Systematic Biology},
  Year                     = {2015},
  Number                   = {4},
  Pages                    = {677--689},
  Volume                   = {64},

  Publisher                = {Oxford University Press}
}

@Article{Vallina2011stability,
  Title                    = {Stability of complex food webs: Resilience, resistance and the average interaction strength},
  Author                   = {Vallina, Sergio M and Le Qu{\'e}r{\'e}, Corinne},
  Journal                  = {Journal of Theoretical Biology},
  Year                     = {2011},
  Number                   = {1},
  Pages                    = {160--173},
  Volume                   = {272},

  Publisher                = {Elsevier}
}

@Book{vermeij1992evolution,
  Title                    = {Evolution and escalation: an ecological history of life},
  Author                   = {Vermeij, Geerat J},
  Publisher                = {Princeton University Press},
  Year                     = {1987}
}

@Article{villeger2008new,
  Title                    = {New multidimensional functional diversity indices for a multifaceted framework in functional ecology},
  Author                   = {Vill{\'e}ger, S{\'e}bastien and Mason, Norman WH and Mouillot, David},
  Journal                  = {Ecology},
  Year                     = {2008},
  Number                   = {8},
  Pages                    = {2290--2301},
  Volume                   = {89},

  Publisher                = {Ecological Society of America}
}

@InProceedings{vinh2009information,
  Title                    = {Information theoretic measures for clusterings comparison:
 is a correction for chance necessary?},
  Author                   = {Vinh, Nguyen Xuan and Epps, Julien and Bailey, James},
  Booktitle                = {Proceedings of the 26th Annual International Conference on
 Machine Learning},
  Year                     = {2009},
  Organization             = {ACM},
  Pages                    = {1073--1080}
}

@Article{de2011serengeti,
  Title                    = {The serengeti food web: empirical quantification and analysis of topological changes under increasing human impact},
  Author                   = {de Visser, Sara N and Freymann, Bernd P and Olff, Han},
  Journal                  = {Journal of Animal Ecology},
  Year                     = {2011},
  Number                   = {2},
  Pages                    = {484--494},
  Volume                   = {80},

  Publisher                = {British Ecological Society}
}

@Article{voje2015role,
  Title                    = {The role of biotic forces in driving macroevolution: beyond the Red Queen},
  Author                   = {Voje, Kjetil L and Holen, {\O}istein H and Liow, Lee Hsiang and Stenseth, Nils Chr},
  Journal                  = {Proceedings of the Royal Society of London B: Biological Sciences},
  Year                     = {2015},
  Number                   = {1808},
  Pages                    = {20150186},
  Volume                   = {282},

  Publisher                = {The Royal Society}
}

@Article{walker2006birds,
  Title                    = {Birds of the Manu Biosphere Reserve},
  Author                   = {Walker, Barry and Stotz, Douglas F and Pequeno, Tatiana and Fitzpatrick, John W},
  Journal                  = {Fieldiana Zoology},
  Year                     = {2006},
  Pages                    = {23--49},
  Volume                   = {110},

  Publisher                = {BioOne}
}

@Article{wang1987stochastic,
  Title                    = {Stochastic blockmodels for directed graphs},
  Author                   = {Wang, Yuchung J and Wong, George Y},
  Journal                  = {Journal of the American Statistical Association},
  Year                     = {1987},
  Number                   = {397},
  Pages                    = {8--19},
  Volume                   = {82},

  Publisher                = {American Statistical Association}
}

@Book{wasserman1994social,
  Title                    = {Social network analysis: Methods and applications},
  Author                   = {Wasserman, Stanley},
  Publisher                = {Cambridge University Press},
  Year                     = {1994},
  Volume                   = {8}
}

@Article{weitzman1998noah,
  Title                    = {The Noah's ark problem},
  Author                   = {Weitzman, Martin L},
  Journal                  = {Econometrica},
  Year                     = {1998},
  Number                   = {6},
  Pages                    = {1279--1298},
  Volume                   = {66},

  Publisher                = {The Econometric Society}
}

@Article{wennekes2012neutral,
  Title                    = {The neutral—niche debate: a philosophical perspective},
  Author                   = {Wennekes, Paul L and Rosindell, James and Etienne, Rampal S},
  Journal                  = {Acta biotheoretica},
  Year                     = {2012},
  Number                   = {3},
  Pages                    = {257--271},
  Volume                   = {60},

  Publisher                = {Springer}
}

@Article{Wiener1923Differential,
  Title                    = {Differential-Space},
  Author                   = {Wiener, Norbert},
  Journal                  = {Journal of Mathematics and Physics},
  Year                     = {1923},
  Number                   = {1},
  Pages                    = {131--174},
  Volume                   = {2},

  Doi                      = {10.1002/sapm192321131},
  ISSN                     = {1467-9590},
  Publisher                = {‎American Institute of Physics},
  Url                      = {http://dx.doi.org/10.1002/sapm192321131}
}

@Article{wiens2010niche,
  Title                    = {Niche conservatism as an emerging principle in ecology and conservation biology},
  Author                   = {Wiens, John J and Ackerly, David D and Allen, Andrew P and Anacker, Brian L and Buckley, Lauren B and Cornell, Howard V and Damschen, Ellen I and Jonathan Davies, T and Grytnes, John-Arvid and Harrison, Susan P and others},
  Journal                  = {Ecology letters},
  Year                     = {2010},
  Number                   = {10},
  Pages                    = {1310--1324},
  Volume                   = {13},

  Publisher                = {John Wiley \& Sons Ltd/ CNRS}
}

@Article{wiens2005niche,
  Title                    = {Niche conservatism: integrating evolution, ecology, and conservation biology},
  Author                   = {Wiens, John J and Graham, Catherine H},
  Journal                  = {Annual review of ecology, evolution, and systematics},
  Year                     = {2005},
  Pages                    = {519--539},
  Volume                   = {36},

  Publisher                = {Annual reviews}
}

@Book{wilcox1984situ,
  Title                    = {In situ conservation of genetic resources: determinants of minimum area requirements},
  Author                   = {Wilcox, Bruce A},
  Publisher                = {Smithsonian Institution Press},
  Year                     = {1984}
}

@Article{Wilkison1973Notation,
  Title                    = {Symbolic Description of Factorial Models for Analysis of Variance},
  Author                   = {Wilkinson, G. N. and Rogers, C. E.},
  Journal                  = {Journal of the Royal Statistical Society. Series C (Applied Statistics)},
  Year                     = {1973},
  Number                   = {3},
  Pages                    = {392--399},
  Volume                   = {22},

  Publisher                = {Royal Statistical Society}
}

@InProceedings{williams2006tutorial,
  Title                    = {A Tutorial Introduction to Stochastic Differential Equations: Continuous-time Gaussian Markov Processes},
  Author                   = {Williams, Chris},
  Booktitle                = {NIPS workshop on Dynamical Systems, Stochastic Processes and Bayesian Inference},
  Year                     = {2006}
}

@Article{williams_maxent_2010,
  Title                    = {Simple MaxEnt models explain food web degree
 distributions},
  Author                   = {Williams, Richard J.},
  Journal                  = {Theoretical Ecology},
  Year                     = {2010},
  Pages                    = {45-52},
  Volume                   = {3},

  Doi                      = {10.1007/s12080-009-0052-6},
  ISSN                     = {1874-1738},
  Issue                    = {1},
  Keywords                 = {Network; Resource distribution; Consumer distribution;
 Null model},
  Language                 = {English},
  Publisher                = {Springer},
  Url                      = {http://dx.doi.org/10.1007/s12080-009-0052-6}
}

@Article{williams2010probabilistic,
  Title                    = {The probabilistic niche model reveals the niche structure
 and role of body size in a complex food web},
  Author                   = {Williams, Richard J and Anandanadesan, Ananthi and Purves,
 Drew},
  Journal                  = {PloS one},
  Year                     = {2010},
  Number                   = {8},
  Pages                    = {e12092},
  Volume                   = {5},

  Publisher                = {Public Library of Science}
}

@Article{williams2008success,
  Title                    = {Success and its limits among structural models of complex food webs},
  Author                   = {Williams, Richard J and Martinez, Neo D},
  Journal                  = {Journal of Animal Ecology},
  Year                     = {2008},
  Number                   = {3},
  Pages                    = {512--519},
  Volume                   = {77},

  Publisher                = {British Ecological Society}
}

@Article{williams2000simple,
  Title                    = {Simple rules yield complex food webs},
  Author                   = {Williams, Richard J and Martinez, Neo D},
  Journal                  = {Nature},
  Year                     = {2000},
  Number                   = {6774},
  Pages                    = {180--183},
  Volume                   = {404},

  Publisher                = {Nature Publishing Group}
}

@Article{willis1966interspecific,
  Title                    = {Interspecific competition and the foraging behavior of Plain-brown Woodcreepers},
  Author                   = {Willis, Edwin O},
  Journal                  = {Ecology},
  Year                     = {1966},

  Month                    = {June},
  Number                   = {4},
  Pages                    = {667--672},
  Volume                   = {47},

  Publisher                = {Ecological Society of America}
}

@Article{Winemiller2015Functional,
  Title                    = {Functional traits, convergent evolution, and periodic tables of niches},
  Author                   = {Winemiller, Kirk O. and Fitzgerald, Daniel B. and Bower, Luke M. and Pianka, Eric R.},
  Journal                  = {Ecology Letters},
  Year                     = {2015},
  Number                   = {8},
  Pages                    = {737--751},
  Volume                   = {18},

  Doi                      = {10.1111/ele.12462},
  ISSN                     = {1461-0248},
  Publisher                = {John Wiley \& Sons Ltd/ CNRS},
  Url                      = {http://dx.doi.org/10.1111/ele.12462}
}

@Article{winter2013phylogenetic,
  Title                    = {Phylogenetic diversity and nature conservation: where are we?},
  Author                   = {Winter, Marten and Devictor, Vincent and Schweiger,
 Oliver},
  Journal                  = {Trends in Ecology \& Evolution},
  Year                     = {2013},
  Number                   = {4},
  Pages                    = {199--204},
  Volume                   = {28},

  Publisher                = {Elsevier}
}

@Article{witting1995optimization,
  Title                    = {The optimization of biodiversity conservation},
  Author                   = {Witting, Lars and Loeschcke, Volker},
  Journal                  = {Biological Conservation},
  Year                     = {1995},
  Number                   = {2},
  Pages                    = {205--207},
  Volume                   = {71},

  Publisher                = {Elsevier}
}

@Article{woodward2005body,
  Title                    = {Body size in ecological networks},
  Author                   = {Woodward, Guy and Ebenman, Bo and Emmerson, Mark and
 Montoya, Jose M and Olesen, Jens M and Valido, Alfredo and
 Warren, Philip H},
  Journal                  = {Trends in Ecology \& Evolution},
  Year                     = {2005},
  Number                   = {7},
  Pages                    = {402--409},
  Volume                   = {20},

  Publisher                = {Elsevier}
}

@Article{bstream1,
  Title                    = {Invasion of a stream food web by a new top predator},
  Author                   = {Woodward, Guy and Hildrew, Alan G},
  Journal                  = {Journal of Animal Ecology},
  Year                     = {2001},
  Number                   = {2},
  Pages                    = {273--288},
  Volume                   = {70},

  Publisher                = {British Ecological Society}
}

@Article{bstream2,
  Title                    = {Quantification and resolution of a complex, size-structured food web},
  Author                   = {Woodward, Guy and Speirs, Dougie C and Hildrew, Alan G},
  Journal                  = {Advances in ecological research},
  Year                     = {2005},
  Pages                    = {85--135},
  Volume                   = {36},

  Publisher                = {Elsevier}
}

@Article{xu2014edge,
  Title                    = {Edge label inference in generalized stochastic block models: from spectral theory to impossibility results},
  Author                   = {Xu, Jiaming and Massouli{\'e}, Laurent and Lelarge, Marc},
  Journal                  = {arXiv},
  Year                     = {2014},
  Pages                    = {1406.6897},
  Volume                   = {preprint}
}

@Article{yan2007graph,
  Title                    = {Graph embedding and extensions: a general framework for dimensionality reduction},
  Author                   = {Yan, Shuicheng and Xu, Dong and Zhang, Benyu and Zhang, Hong-Jiang and Yang, Qiang and Lin, Stephen},
  Journal                  = {Pattern Analysis and Machine Intelligence, IEEE Transactions on},
  Year                     = {2007},
  Number                   = {1},
  Pages                    = {40--51},
  Volume                   = {29},

  Publisher                = {IEEE}
}

@Article{Yeakel07102014,
  Title                    = {Collapse of an ecological network in Ancient Egypt},
  Author                   = {Yeakel, Justin D. and Pires, Mathias M. and Rudolf, Lars and Dominy, Nathaniel J. and Koch, Paul L. and Guimar\~{a}es, Paulo R. and Gross, Thilo},
  Journal                  = {Proceedings of the National Academy of Sciences},
  Year                     = {2014},
  Number                   = {40},
  Pages                    = {14472-14477},
  Volume                   = {111},

  Eprint                   = {http://www.pnas.org/content/111/40/14472.full.pdf},
  Url                      = {http://www.pnas.org/content/111/40/14472.abstract}
}

@Article{yodzis1999search,
  Title                    = {In search of operational trophospecies in a tropical aquatic food web},
  Author                   = {Yodzis, Peter and Winemiller, Kirk O},
  Journal                  = {Oikos},
  Year                     = {1999},
  Number                   = {2},
  Pages                    = {327--340},
  Volume                   = {87},

  Publisher                = {The Nordic Society Oikos}
}

@Article{yoshida_relationship_2008,
  Title                    = {The relationship between the duration of food web evolution and the vulnerability to biological invasion},
  Author                   = {Yoshida, Katsuhiko},
  Journal                  = {Ecological Complexity},
  Year                     = {2008},

  Month                    = jun,
  Number                   = {2},
  Pages                    = {86--98},
  Volume                   = {5},

  Doi                      = {10.1016/j.ecocom.2008.02.002},
  Publisher                = {Elsevier}
}

@Article{young2008directed,
  Title                    = {Directed random dot product graphs},
  Author                   = {Young, Stephen J and Scheinerman, Edward R},
  Journal                  = {Internet Mathematics},
  Year                     = {2008},
  Number                   = {1-2},
  Pages                    = {91--111},
  Volume                   = {5},

  Publisher                = {Taylor \& Francis}
}

@InCollection{young2007random,
  Title                    = {Random dot product graph models for social networks},
  Author                   = {Young, Stephen J and Scheinerman, Edward R},
  Booktitle                = {Algorithms and models for the web-graph},
  Publisher                = {Springer},
  Year                     = {2007},
  Pages                    = {138--149}
}

@Article{zhu2006automatic,
  Title                    = {Automatic dimensionality selection from the scree plot via
 the use of profile likelihood},
  Author                   = {Zhu, Mu and Ghodsi, Ali},
  Journal                  = {Computational Statistics \& Data Analysis},
  Year                     = {2006},
  Number                   = {2},
  Pages                    = {918--930},
  Volume                   = {51},

  Publisher                = {Elsevier}
}

@Article{zook2011jtb,
  Title                    = {Food webs: Ordering species according to body size yields
 high degree of intervality},
  Author                   = {Zook, Alexander E. and Ekl{\"o}f, Anna and Jacob, Ute and
 Allesina, Stefano},
  Journal                  = {Journal of Theoretical Biology},
  Year                     = {2011},
  Number                   = {1},
  Pages                    = {106--113},
  Volume                   = {271},

  Publisher                = {Elsevier}
}

@Book{garamszegi2014modern,
  Title                    = {Modern Phylogenetic Comparative Methods and Their Application in Evolutionary Biology},
  Editor                   = {Garamszegi, L{\'a}szl{\'o} Zsolt},
  Publisher                = {Springer},
  Year                     = {2014}
}

@Book{gascuel2007reconstructing,
  Title                    = {Reconstructing evolution. New mathematical and computational advances},
  Editor                   = {Gascuel, Olivier and Steel, Mike},
  Publisher                = {Oxford University Press},
  Year                     = {2007}
}

@Book{wax1954selected,
  Title                    = {Selected Papers on Noise and Stochastic Processes},
  Editor                   = {Wax, Nelson},
  Publisher                = {Dover Publications},
  Year                     = {1954},

  Address                  = {New York}
}

