@Article{	  baskerville2011spatial,
  title		= {Spatial guilds in the Serengeti food web revealed by a
		  Bayesian group model},
  author	= {Baskerville, Edward B and Dobson, Andy P and Bedford,
		  Trevor and Allesina, Stefano and Anderson, T Michael and
		  Pascual, Mercedes},
  journal	= {PLoS Computational Biology},
  volume	= {Vol. 7},
  number	= {No. 12},
  pages		= {e1002321},
  year		= {2011},
  publisher	= {Public Library of Science}
}

@Article{	  bellingeri2015food,
  title		= {Food web's backbones and energy delivery in ecosystems},
  author	= {Bellingeri, Michele and Bodini, Antonio},
  journal	= {Oikos},
  year		= {2015},
  publisher	= {Nordic Foundation Oikos},
  volume	= {Online early view},
  number	= {10.1111/oik.02244}
}

@Article{	  black2012stochastic,
  title		= {Stochastic formulation of ecological models and their
		  applications},
  author	= {Black, Andrew J and McKane, Alan J},
  journal	= {Trends in Ecology \& Evolution},
  volume	= {Vol. 27},
  number	= {No. 6},
  pages		= {337--345},
  year		= {2012},
  publisher	= {Elsevier}
}

@Article{	  bonacich1987power,
  title		= {Power and centrality: A family of measures},
  author	= {Bonacich, Phillip},
  journal	= {American journal of sociology},
  pages		= {1170--1182},
  year		= {1987},
  publisher	= {University of Chicago Press}
}

@Article{	  bonacich2001eigenvector,
  title		= {Eigenvector-like measures of centrality for asymmetric
		  relations},
  author	= {Bonacich, Phillip and Lloyd, Paulette},
  journal	= {Social Networks},
  volume	= {Vol. 23},
  number	= {No. 3},
  pages		= {191--201},
  year		= {2001},
  publisher	= {Elsevier}
}

@Article{	  brandes2001faster,
  title		= {A faster algorithm for betweenness centrality},
  author	= {Brandes, Ulrik},
  journal	= {Journal of Mathematical Sociology},
  volume	= {Vol. 25},
  number	= {No. 2},
  pages		= {163--177},
  year		= {2001},
  publisher	= {Routledge}
}

@Article{	  butler2004phylogenetic,
  title		= {Phylogenetic comparative analysis: a modeling approach for
		  adaptive evolution},
  author	= {Butler, Marguerite A and King, Aaron A},
  journal	= {The American Naturalist},
  volume	= {Vol. 164},
  number	= {No. 6},
  pages		= {683--695},
  year		= {2004},
  publisher	= {University of Chicago Press}
}

@Article{	  cadotte2012phylogenetic,
  title		= {Phylogenetic diversity promotes ecosystem stability},
  author	= {Cadotte, Marc W and Dinnage, Russell and Tilman, David},
  journal	= {Ecology},
  volume	= {Vol. 93},
  number	= {No. sp8},
  pages		= {S223--S233},
  year		= {2012},
  publisher	= {Ecological Society of America}
}

@Article{	  canard2014empirical,
  title		= {Empirical Evaluation of Neutral Interactions in
		  Host--Parasite Networks},
  author	= {Canard, EF and Mouquet, N and Mouillot, D and Stanko, M
		  and Miklisova, D and Gravel, D},
  journal	= {The American Naturalist},
  volume	= {Vol. 183},
  number	= {No. 4},
  pages		= {468--479},
  year		= {2014},
  publisher	= {University of Chicago Press}
}

@Article{	  coulson2004skeletons,
  title		= {Skeletons, noise and population growth: the end of an old
		  debate?},
  author	= {Coulson, Tim and Rohani, Pejman and Pascual, Mercedes},
  journal	= {Trends in Ecology \& Evolution},
  volume	= {Vol. 19},
  number	= {No. 7},
  pages		= {359--364},
  year		= {2004},
  publisher	= {Elsevier}
}

@Article{	  dallariva2015exploring,
  title		= {Exploring the evolutionary signature of food webs'
		  backbones using functional traits},
  author	= {Dalla Riva, Giulio V. and Stouffer, Daniel B.},
  year		= {2015},
  journal 	= {Oikos},
  volume	= {Online early view},
  number	= {10.1111/oik.02305},
  publisher	= {Nordic Foundation Oikos}
}

@Article{	  de2011serengeti,
  title		= {The Serengeti food web: empirical quantification and
		  analysis of topological changes under increasing human
		  impact},
  author	= {de Visser, Sara N and Freymann, Bernd P and Olff, Han},
  journal	= {Journal of Animal Ecology},
  volume	= {Vol. 80},
  number	= {No. 2},
  pages		= {484--494},
  year		= {2011},
  publisher	= {British Ecological Society}
}

@Article{	  estrada2005subgraph,
  title		= {Subgraph centrality in complex networks},
  author	= {Estrada, Ernesto and Rodriguez-Velazquez, Juan A},
  journal	= {Physical Review E},
  volume	= {Vol. 71},
  number	= {No. 5},
  pages		= {056103},
  year		= {2005},
  publisher	= {American Physical Society}
}

@Article{	  estrada2007characterization,
  title		= {Characterization of topological keystone species: local,
		  global and “meso-scale” centralities in food webs},
  author	= {Estrada, Ernesto},
  journal	= {Ecological Complexity},
  volume	= {Vol. 4},
  number	= {No. 1},
  pages		= {48--57},
  year		= {2007},
  publisher	= {Elsevier}
}

@Article{	  faith1992conservation,
  title		= {Conservation evaluation and phylogenetic diversity},
  author	= {Faith, Daniel P},
  journal	= {Biological conservation},
  volume	= {Vol. 61},
  number	= {No. 1},
  pages		= {1--10},
  year		= {1992},
  publisher	= {Elsevier}
}

@Article{	  faye2015valuing,
  title		= {Valuing species on the cheap},
  author	= {Faye, L and Matthey-Doret, R and Mooers, AO},
  journal	= {Animal Conservation},
  volume	= {Vol. 18},
  number	= {No. 4},
  pages		= {313--314},
  year		= {2015},
  publisher	= {The Zoological Society of London}
}

@Article{	  felsenstein1985phylogenies,
  title		= {Phylogenies and the comparative method},
  author	= {Felsenstein, Joseph},
  journal	= {American Naturalist},
  volume	= {Vol. 125},
  number	= {No. 1},
  pages		= {1--15},
  year		= {1985},
  publisher	= {University of Chicago Press}
}

@Article{	  fontana2015individual,
author 		= {Fontana, Simone and Petchey, Owen L. and Pomati, Francesco},
title 		= {Individual-level trait diversity concepts and indices to comprehensively describe community change in multidimensional trait space},
journal 	= {Functional Ecology},
issn 		= {1365-2435},

  volume	= {Online early view},
number		= {10.1111/1365-2435.12551},
year 		= {2015},
publisher	= {Wiley-Blackwell},
}

@Article{	  fortuna2013habitat,
  title		= {Habitat loss and the disassembly of mutalistic networks},
  author	= {Fortuna, Miguel A and Krishna, Abhay and Bascompte,
		  Jordi},
  journal	= {Oikos},
  volume	= {Vol. 122},
  number	= {No. 6},
  pages		= {938--942},
  year		= {2013},
  publisher	= {Nordic Foundation Oikos}
}

@Article{	  freeman1979centrality,
  title		= {Centrality in social networks conceptual clarification},
  author	= {Freeman, Linton C},
  journal	= {Social Networks},
  volume	= {Vol. 1},
  number	= {No. 3},
  pages		= {215--239},
  year		= {1979},
  publisher	= {Elsevier}
}

@InCollection{	  garamszegi2014multimodel,
  title		= {Multimodel-inference in comparative analyses},
  author	= {Garamszegi, L{\'a}szl{\'o} Zsolt and Mundry, Roger},
  booktitle	= {Modern Phylogenetic Comparative Methods and Their Application in Evolutionary Biology},
  editor	= {Garamszegi, L{\'a}szl{\'o} Zsolt},
  pages		= {305--331},
  year		= {2014},
  publisher	= {Springer}
}

@Manual{	  geometry,
  title		= {geometry: Mesh generation and surface tesselation},
  author	= {Kai Habel and Raoul Grasman and Andreas Stahel and Andreas
		  Stahel and David C. Sterratt},
  year		= {2014},
  note		= {R package version 0.3-5},
  url		= {http://CRAN.R-project.org/package=geometry}
}

@Article{	  gerhold2015phylogenetic,
  title		= {Phylogenetic patterns are not proxies of community
		  assembly mechanisms (they are far better)},
  author	= {Gerhold, Pille and Cahill, James F and Winter, Marten and
		  Bartish, Igor V and Prinzing, Andreas},
  journal	= {Functional Ecology},
  volume	= {Vol. 29},
  number	= {No. 5},
  pages		= {600--614},
  year		= {2015},
  publisher	= {British Ecological Society}
}

@Article{	  grady2012robust,
  title		= {Robust classification of salient links in complex
		  networks},
  author	= {Grady, Daniel and Thiemann, Christian and Brockmann,
		  Dirk},
  journal	= {Nature communications},
  volume	= {Vol. 3},
  number	= {No. 864},
  pages		= {1--10},
  year		= {2012},
  publisher	= {Nature Publishing Group}
}

@Article{	  hansen1997stabilizing,
  title		= {Stabilizing selection and the comparative analysis of
		  adaptation},
  author	= {Hansen, Thomas F},
  journal	= {Evolution},
  pages		= {1341--1351},
  volume	= {Vol. 51},
  number	= {No. 5},
  year		= {1997},
  publisher	= {Society for the Study of Evolution}
}

@Article{	harmon2010early,
	author = {Harmon, Luke J. and Losos, Jonathan B. and Davies, T. Jonathan and Gillespie, Rosemary G. and Gittleman, John L and Jennings, W. Bryan and Kozak, Kenneth H. and McPeek, Mark A. and Moreno-Roark, Franck and Near, Thomas J. and Purvis, Andy and Ricklefs, Robert E. and Schlüter, Dolph and Schulte, James A. and Seehausen, Ole and Sidlauskas, Brian L. and Torres-Carvajal, Omar and Weir, Jason T. and Mooers, Arne {\O}.},
	journal = {Evolution},
	number = {No. 8},
	pages = {2385--2396},
	publisher = {Society for the Study of Evolution},
  title		= {Early bursts of body size and shape evolution are rare in
		  comparative data},
	volume = {Vol. 64},
	year = {2010}
}


@Incollection{	  hartmann2007phylogenetic,
  title		= {Phylogenetic diversity: from combinatorics to ecology},
  author	= {Hartmann, Klaas and Steel, Mike},
  booktitle	= {Reconstructing Evolution: New Mathematical and
		  Computational Approaches},
  editor	= {Gascuel, Olivier and Steel, Mike},
  pages		= {171--196},
  year		= {2007},
  publisher	= {Oxford University Press}
}


@Book{		  harvey1991comparative,
  title		= {The comparative method in evolutionary biology},
  author	= {Harvey, Paul H and Pagel, Mark D and others},
  volume	= {Vol. 239},
  year		= {1991},
  publisher	= {Oxford university press}
}

@Article{	  hurvich1989regression,
  title		= {Regression and time series model selection in small
		  samples},
  author	= {Hurvich, Clifford M and Tsai, Chih-Ling},
  journal	= {Biometrika},
  volume	= {Vol. 76},
  number	= {No. 2},
  pages		= {297--307},
  year		= {1989},
  publisher	= {Biometrika Trust}
}

@Article{	  igraph,
  title		= {The igraph software package for complex network research},
  author	= {Gabor Csardi and Tamas Nepusz},
  journal	= {InterJournal},
  volume	= {Complex Systems},
  pages		= {1695},
  year		= {2006},
  url		= {http://igraph.org}
}

@Article{	  isaac2007mammals,
  title		= {Mammals on the EDGE: conservation priorities based on
		  threat and phylogeny},
  author	= {Isaac, Nick JB and Turvey, Samuel T and Collen, Ben and
		  Waterman, Carly and Baillie, Jonathan EM},
  journal	= {PLoS One},
  volume	= {Vol. 2},
  number	= {No. 3},
  pages		= {e296},
  year		= {2007},
  publisher	= {Public Library of Science}
}


@Article{	  deVisser,
  title		= {The Serengeti food web: empirical quantification and
		  analysis of topological changes under increasing human
		  impact},
  author	= {de Visser, Sara N and Freymann, Bernd P and Olff, Han},
  journal	= {Journal of Animal Ecology},
  volume	= {Vol. 80},
  number	= {No. 2},
  pages		= {484--494},
  year		= {2011},
  publisher	= {British Ecological Society}
}

@Article{	  jennings2002long,
  title		= {Long-term trends in the trophic structure of the North Sea
		  fish community: evidence from stable-isotope analysis,
		  size-spectra and community metrics},
  author	= {Jennings, S and Greenstreet, S and Hill, L and Piet, G and
		  Pinnegar, J and Warr, KJ},
  journal	= {Marine Biology},
  volume	= {Vol. 141},
  number	= {No. 6},
  pages		= {1085--1097},
  year		= {2002},
  publisher	= {Springer Berlin Heidelberg}
}

@Book{		  jolliffe2002principal,
  title		= {Principal Component Analysis},
  author	= {Jolliffe, Ian T.},
  year		= {2002},
  publisher	= {Springer-Verlag}
}

@Article{	  jordan2009keystone,
  title		= {Keystone species and food webs},
  author	= {Jord{\'a}n, Ferenc},
  journal	= {Philosophical Transactions of the Royal Society B:
		  Biological Sciences},
  volume	= {Vol. 364},
  number	= {No. 1524},
  pages		= {1733--1741},
  year		= {2009},
  publisher	= {The Royal Society}
}

@Article{	  jordan2009trophic,
  title		= {Trophic field overlap: a new approach to quantify keystone
		  species},
  author	= {Jord{\'a}n, Ferenc and Liu, Wei-Chung and Mike, {\'A}gnes},
  journal	= {Ecological Modelling},
  volume	= {Vol. 220},
  number	= {No. 21},
  pages		= {2899--2907},
  year		= {2009},
  publisher	= {Elsevier}
}

@Article{	  lai2012centrality,
  title		= {On the centrality and uniqueness of species from the
		  network perspective},
  author	= {Lai, Shu-Mei and Liu, Wei-Chung and Jord{\'a}n, Ferenc},
  journal	= {Biology Letters},
  volume	= {Vol. 8},
  number	= {No. 4},
  pages		= {570--573},
  year		= {2012},
  publisher	= {The Royal Society}
}

@Article{	  livi2011identifying,
  title		= {Identifying key species in ecosystems with stochastic
		  sensitivity analysis},
  author	= {Livi, Carmen Maria and Jord{\'a}n, Ferenc and Lecca, Paola
		  and Okey, Thomas A},
  journal	= {Ecological Modelling},
  volume	= {Vol. 222},
  number	= {No. 14},
  pages		= {2542--2551},
  year		= {2011},
  publisher	= {Elsevier}
}

@Article{	  luczkovich2003defining,
  title		= {Defining and measuring trophic role similarity in food
		  webs using regular equivalence},
  author	= {Luczkovich, Joseph J and Borgatti, Stephen P and Johnson,
		  Jeffrey C and Everett, Martin G},
  journal	= {Journal of Theoretical Biology},
  volume	= {Vol. 220},
  number	= {No. 3},
  pages		= {303--321},
  year		= {2003},
  publisher	= {Elsevier}
}

@Article{	  mace2003preserving,
  title		= {Preserving the tree of life},
  author	= {Mace, Georgina M and Gittleman, John L and Purvis, Andy},
  journal	= {Science},
  volume	= {Vol. 300},
  number	= {No. 5626},
  pages		= {1707--1709},
  year		= {2003},
  publisher	= {American Association for the Advancement of Science}
}

@Article{	  maire2015many,
  title		= {How many dimensions are needed to accurately assess
		  functional diversity? A pragmatic approach for assessing
		  the quality of functional spaces},
  author	= {Maire, Eva and Grenouillet, Ga{\"e}l and Brosse,
		  S{\'e}bastien and Vill{\'e}ger, S{\'e}bastien},
  journal	= {Global Ecology and Biogeography},
  volume	= {Vol. 24},
  number	= {No. 6},
  pages		= {728--740},
  year		= {2015},
  publisher	= {John Wiley \& Sons Ltd}
}

@Article{	  may2006network,
  title		= {Network structure and the biology of populations},
  author	= {May, Robert M},
  journal	= {Trends in Ecology \& Evolution},
  volume	= {Vol. 21},
  number	= {No. 7},
  pages		= {394--399},
  year		= {2006},
  publisher	= {Elsevier}
}

@Article{	  may2009food,
  title		= {Food-web assembly and collapse: mathematical models and
		  implications for conservation},
  author	= {May, Robert M},
  journal	= {Philosophical Transactions of the Royal Society B:
		  Biological Sciences},
  volume	= {Vol. 364},
  number	= {No. 1524},
  pages		= {1643--1646},
  year		= {2009},
  publisher	= {The Royal Society}
}

@Article{	  miranda2015congruence,
  title		= {Congruence between species phylogenetic and trophic
		  distinctiveness},
  author	= {Miranda, M and Parrini, F},
  journal	= {Biodiversity and Conservation},
  volume	= {Vol. 24},
  number	= {No. 2},
  pages		= {355--369},
  year		= {2015},
  publisher	= {Springer Berlin Heidelberg}
}

@Article{	  mouquet2012ecophylogenetics,
author = {Mouquet, Nicolas and Devictor, Vincent and Meynard, Christine N. and Munoz, Francois and Bersier, Louis-Félix and Chave, Jérôme and Couteron, Pierre and Dalecky, Ambroise and Fontaine, Colin and Gravel, Dominique and Hardy, Olivier J. and Jabot, Franck and Lavergne, Sébastien and Leibold, Mathew and Mouillot, David and Münkemüller, Tamara and Pavoine, Sandrine and Prinzing, Andreas and Rodrigues, Ana S.L. and Rohr, Rudolf P. and Thébault, Elisa and Thuiller, Wilfried},
title = {Ecophylogenetics: advances and perspectives},
journal = {Biological Reviews},
volume = {Vol. 87},
number = {No. 4},
publisher = {Blackwell Publishing Ltd},
pages = {769--785},
year = {2012}
}

@Article{	  mullon2009minimal,
  title		= {A minimal model of the variability of marine ecosystems},
  author	= {Mullon, Christian and Fr{\'e}on, Pierre and Cury, Philippe
		  and Shannon, Lynne and Roy, Claude},
  journal	= {Fish and Fisheries},
  volume	= {Vol. 10},
  number	= {No. 2},
  pages		= {115--131},
  year		= {2009},
  publisher	= {John Wiley \& Sons Ltd}
}

@Book{		  newman2010networks,
  title		= {Networks: An Introduction},
  author	= {Newman, Mark},
  year		= {2010},
  publisher	= {Oxford University Press}
}

@Article{	  o2010loss,
  title		= {Loss of functionally unique species may gradually
		  undermine ecosystems},
  author	= {O'Gorman, Eoin J and Yearsley, Jon M and Crowe, Tasman P
		  and Emmerson, Mark C and Jacob, Ute and Petchey, Owen L},
  journal	= {Proceedings of the Royal Society of London B: Biological
		  Sciences},
  volume	= {Vol. 278},
  number	= {No. 1713},
  pages		= {1886--1893},
  year		= {2010},
  publisher	= {The Royal Society}
}

@Article{	  opitz1996trophic,
  title		= {Trophic interactions in Caribbean coral reefs},
  author	= {Opitz, S},
  journal	= {The WorldFish Center Working Papers},
  year		= {1996}
}

@Article{	  pearse2014beyond,
  title		= {Beyond the EDGE with EDAM: Prioritising British Plant
		  Species According to Evolutionary Distinctiveness, and
		  Accuracy and Magnitude of Decline.},
  author	= {Pearse, William D. and Chase, Michael W. and Crawley, Michal J. and Dolphin, Konrad
		  and Fay, Michael F. and Joseph, Jeffrey A. and Powney, Gary and Preston, Chris D.
		  and Rapacciuolo, Giovanni and Roy, David B. and Purvis, Andy},
  journal	= {PloS One},
  volume	= {Vol. 10},
  number	= {No. 5},
  pages		= {e0126524--e0126524},
  year		= {2014},
  publisher	= {Public Library of Science}
}

@Article{	  petchey2006functional,
  title		= {Functional diversity: back to basics and looking forward},
  author	= {Petchey, Owen L. and Gaston, Kevin J.},
  journal	= {Ecology letters},
  volume	= {Vol. 9},
  number	= {No. 6},
  pages		= {741--758},
  year		= {2006},
  publisher	= {John Wiley \& Sons Ltd/ CNRS}
}

@Article{	  petchey2008trophically,
  title		= {Trophically unique species are vulnerable to cascading
		  extinction},
  author	= {Petchey, Owen L and Ekl{\"o}f, Anna and Borrvall,
		  Charlotte and Ebenman, Bo},
  journal	= {The American Naturalist},
  volume	= {Vol. 171},
  number	= {No. 5},
  pages		= {568--579},
  year		= {2008},
  publisher	= {University of Chicago Press}
}

@Article{	  poisot2015beyond,
  title		= {Beyond species: why ecological interaction networks vary
		  through space and time},
  author	= {Poisot, Timoth{\'e}e and Stouffer, Daniel B and Gravel,
		  Dominique},
  journal	= {Oikos},
  volume	= {Vol. 124},
  number	= {No. 3},
  pages		= {243--251},
  year		= {2015},
  publisher	= {Nordic Foundation Oikos}
}

@Article{	  proulx2005network,
  title		= {Network thinking in ecology and evolution},
  author	= {Proulx, Stephen R and Promislow, Daniel EL and Phillips,
		  Patrick C},
  journal	= {Trends in Ecology \& Evolution},
  volume	= {Vol. 20},
  number	= {No. 6},
  pages		= {345--353},
  year		= {2005},
  publisher	= {Elsevier}
}

@Manual{	  r,
  title		= {R: A Language and Environment for Statistical Computing},
  author	= {{R Core Team}},
  organization	= {R Foundation for Statistical Computing},
  address	= {Vienna, Austria},
  year		= {2013},
  note		= {{ISBN} 3-900051-07-0},
  url		= {http://www.R-project.org/}
}

@Article{	  redding2006incorporating,
  title		= {Incorporating evolutionary measures into conservation
		  prioritization},
  author	= {Redding, David W and Mooers, Arne {\O}},
  journal	= {Conservation Biology},
  volume	= {Vol. 20},
  number	= {No. 6},
  pages		= {1670--1678},
  year		= {2006},
  publisher	= {Society for Conservation Biology}
}

@Manual{	  shapes,
  title		= {shapes: Statistical shape analysis},
  author	= {Ian L. Dryden},
  year		= {2013},
  note		= {R package version 1.1-7},
  url		= {http://CRAN.R-project.org/package=shapes}
}

@Article{	  stephenson1989rethinking,
  title		= {Rethinking centrality: methods and examples},
  author	= {Stephenson, Karen and Zelen, Marvin},
  journal	= {Social Networks},
  volume	= {Vol. 11},
  number	= {No. 1},
  pages		= {1--37},
  year		= {1989},
  publisher	= {Elsevier}
}

@Article{	  sussman2014consistent,
  title		= {Consistent latent position estimation and vertex
		  classification for random dot product graphs},
  author	= {Sussman, Daniel L and Tang, Minh and Priebe, Carey E},
  journal	= {Pattern Analysis and Machine Intelligence, IEEE
		  Transactions on},
  volume	= {Vol. 36},
  number	= {No. 1},
  pages		= {48--57},
  year		= {2014},
  publisher	= {IEEE}
}

@Article{	  tang2013universally,
  title		= {Universally consistent vertex classification for latent
		  positions graphs},
  author	= {Tang, Minh and Sussman, Daniel L and Priebe, Carey E},
  journal	= {The Annals of Statistics},
  volume	= {Vol. 41},
  number	= {No. 3},
  pages		= {1406--1430},
  year		= {2013},
  publisher	= {Institute of Mathematical Statistics}
}

@Article{	  villeger2008new,
  title		= {New multidimensional functional diversity indices for a
		  multifaceted framework in functional ecology},
  author	= {Vill{\'e}ger, S{\'e}bastien and Mason, Norman WH and
		  Mouillot, David},
  journal	= {Ecology},
  volume	= {Vol. 89},
  number	= {No. 8},
  pages		= {2290--2301},
  year		= {2008},
  publisher	= {Ecological Society of America}
}

@Article{	  winter2013phylogenetic,
  title		= {Phylogenetic diversity and nature conservation: where are
		  we?},
  author	= {Winter, Marten and Devictor, Vincent and Schweiger,
		  Oliver},
  journal	= {Trends in Ecology \& Evolution},
  volume	= {Vol. 28},
  series	= {4},
  pages		= {199--204},
  year		= {2013},
  publisher	= {Elsevier}
}

@Article{	  yodzis1999search,
  title		= {In search of operational trophospecies in a tropical
		  aquatic food web},
  author	= {Yodzis, Peter and Winemiller, Kirk O},
  journal	= {Oikos},
  pages		= {327--340},
  volume	= {Vol. 87},
  number	= {No. 2},
  year		= {1999},
  publisher	= {Nordic Foundation Oikos}
}

@InCollection{	  young2007random,
  title		= {Random dot product graph models for social networks},
  author	= {Young, Stephen J and Scheinerman, Edward R},
  booktitle	= {Algorithms and Models for the Web-Graph},
  editor	= {Bonato, Anthony and Chung, Fan R. K.},
  pages		= {138--149},
  year		= {2007},
  publisher	= {Springer Berling Heidelberg}
}

@Article{	  zhu2006automatic,
  title		= {Automatic dimensionality selection from the scree plot via
		  the use of profile likelihood},
  author	= {Zhu, Mu and Ghodsi, Ali},
  journal	= {Computational Statistics \& Data Analysis},
  volume	= {Vol. 51},
  number	= {2},
  pages		= {918--930},
  year		= {2006},
  publisher	= {Elsevier}
}
